<Root>
  <XmlDocVersion>19</XmlDocVersion>
  <ChainId>7290058140886</ChainId>
  <SubChainId>1</SubChainId>
  <StoreId>1</StoreId>
  <BikoretNo>4</BikoretNo>
  <DllVerNo>9.4.0.21</DllVerNo>
  <Items Count="98">
    <Item>
      <PriceUpdateDate>2013-10-22 12:26:25</PriceUpdateDate>
      <ItemCode>7290013906441</ItemCode>
      <ItemType>1</ItemType>
      <ItemName>קבנוס 120 ג</ItemName>
      <ManufacturerName>לא ידוע</ManufacturerName>
      <ManufactureCountry>לא ידוע</ManufactureCountry>
      <ManufacturerItemDescription>קבנוס 120 ג</ManufacturerItemDescription>
      <UnitQty>גרמים</UnitQty>
      <Quantity>120.00</Quantity>
      <UnitOfMeasure>00000000000000000גרם</UnitOfMeasure>
      <bIsWeighted>0</bIsWeighted>
      <QtyInPackage>לא ידוע</QtyInPackage>
      <ItemPrice>10.90</ItemPrice>
      <UnitOfMeasurePrice>0.0908</UnitOfMeasurePrice>
      <AllowDiscount>1</AllowDiscount>
      <ItemStatus>1</ItemStatus>
      <ItemId>897352</ItemId>
    </Item>
    <Item>
      <PriceUpdateDate>2013-10-22 12:26:26</PriceUpdateDate>
      <ItemCode>7290013906458</ItemCode>
      <ItemType>1</ItemType>
      <ItemName>קבנוס 120 ג</ItemName>
      <ManufacturerName>לא ידוע</ManufacturerName>
      <ManufactureCountry>לא ידוע</ManufactureCountry>
      <ManufacturerItemDescription>קבנוס 120 ג</ManufacturerItemDescription>
      <UnitQty>גרמים</UnitQty>
      <Quantity>120.00</Quantity>
      <UnitOfMeasure>00000000000000000גרם</UnitOfMeasure>
      <bIsWeighted>0</bIsWeighted>
      <QtyInPackage>לא ידוע</QtyInPackage>
      <ItemPrice>10.90</ItemPrice>
      <UnitOfMeasurePrice>0.0908</UnitOfMeasurePrice>
      <AllowDiscount>1</AllowDiscount>
      <ItemStatus>1</ItemStatus>
      <ItemId>897353</ItemId>
    </Item>
    <Item>
      <PriceUpdateDate>2013-10-22 12:26:26</PriceUpdateDate>
      <ItemCode>7290013906489</ItemCode>
      <ItemType>1</ItemType>
      <ItemName>חטיפי קבנוס 120 ג</ItemName>
      <ManufacturerName>לא ידוע</ManufacturerName>
      <ManufactureCountry>לא ידוע</ManufactureCountry>
      <ManufacturerItemDescription>חטיפי קבנוס 120 ג</ManufacturerItemDescription>
      <UnitQty>גרמים</UnitQty>
      <Quantity>120.00</Quantity>
      <UnitOfMeasure>00000000000000000גרם</UnitOfMeasure>
      <bIsWeighted>0</bIsWeighted>
      <QtyInPackage>לא ידוע</QtyInPackage>
      <ItemPrice>10.90</ItemPrice>
      <UnitOfMeasurePrice>0.0908</UnitOfMeasurePrice>
      <AllowDiscount>1</AllowDiscount>
      <ItemStatus>1</ItemStatus>
      <ItemId>897356</ItemId>
    </Item>
    <Item>
      <PriceUpdateDate>2013-12-01 07:50:37</PriceUpdateDate>
      <ItemCode>7290013848796</ItemCode>
      <ItemType>1</ItemType>
      <ItemName>אל סבון מוצק שקד כיף</ItemName>
      <ManufacturerName>כיף</ManufacturerName>
      <ManufactureCountry>לא ידוע</ManufactureCountry>
      <ManufacturerItemDescription>אל סבון מוצק שקד כיף</ManufacturerItemDescription>
      <UnitQty>00000000000000000000</UnitQty>
      <Quantity>0.00</Quantity>
      <UnitOfMeasure>00000000000000000000</UnitOfMeasure>
      <bIsWeighted>0</bIsWeighted>
      <QtyInPackage>לא ידוע</QtyInPackage>
      <ItemPrice>9.90</ItemPrice>
      <UnitOfMeasurePrice>0.0000</UnitOfMeasurePrice>
      <AllowDiscount>1</AllowDiscount>
      <ItemStatus>1</ItemStatus>
      <ItemId>810317</ItemId>
    </Item>
    <Item>
      <PriceUpdateDate>2013-12-01 07:50:39</PriceUpdateDate>
      <ItemCode>7290013848833</ItemCode>
      <ItemType>1</ItemType>
      <ItemName>אל סבון מוצק אצות ים</ItemName>
      <ManufacturerName>כיף</ManufacturerName>
      <ManufactureCountry>לא ידוע</ManufactureCountry>
      <ManufacturerItemDescription>אל סבון מוצק אצות ים</ManufacturerItemDescription>
      <UnitQty>00000000000000000000</UnitQty>
      <Quantity>0.00</Quantity>
      <UnitOfMeasure>00000000000000000000</UnitOfMeasure>
      <bIsWeighted>0</bIsWeighted>
      <QtyInPackage>לא ידוע</QtyInPackage>
      <ItemPrice>9.90</ItemPrice>
      <UnitOfMeasurePrice>0.0000</UnitOfMeasurePrice>
      <AllowDiscount>1</AllowDiscount>
      <ItemStatus>1</ItemStatus>
      <ItemId>810321</ItemId>
    </Item>
    <Item>
      <PriceUpdateDate>2013-12-31 08:03:42</PriceUpdateDate>
      <ItemCode>7290000148618</ItemCode>
      <ItemType>1</ItemType>
      <ItemName>אגוזי קשיו מטוגנים ק</ItemName>
      <ManufacturerName>קליית גת</ManufacturerName>
      <ManufactureCountry>לא ידוע</ManufactureCountry>
      <ManufacturerItemDescription>אגוזי קשיו מטוגנים ק</ManufacturerItemDescription>
      <UnitQty>גרמים</UnitQty>
      <Quantity>200.00</Quantity>
      <UnitOfMeasure>00000000000000000גרם</UnitOfMeasure>
      <bIsWeighted>0</bIsWeighted>
      <QtyInPackage>לא ידוע</QtyInPackage>
      <ItemPrice>19.40</ItemPrice>
      <UnitOfMeasurePrice>0.0970</UnitOfMeasurePrice>
      <AllowDiscount>1</AllowDiscount>
      <ItemStatus>1</ItemStatus>
      <ItemId>814690</ItemId>
    </Item>
    <Item>
      <PriceUpdateDate>2013-12-31 08:18:07</PriceUpdateDate>
      <ItemCode>7290003145751</ItemCode>
      <ItemType>1</ItemType>
      <ItemName>אגוזי קשיו קלויים קל</ItemName>
      <ManufacturerName>קליית גת</ManufacturerName>
      <ManufactureCountry>לא ידוע</ManufactureCountry>
      <ManufacturerItemDescription>אגוזי קשיו קלויים קל</ManufacturerItemDescription>
      <UnitQty>גרמים</UnitQty>
      <Quantity>200.00</Quantity>
      <UnitOfMeasure>00000000000000000גרם</UnitOfMeasure>
      <bIsWeighted>0</bIsWeighted>
      <QtyInPackage>לא ידוע</QtyInPackage>
      <ItemPrice>19.40</ItemPrice>
      <UnitOfMeasurePrice>0.0970</UnitOfMeasurePrice>
      <AllowDiscount>1</AllowDiscount>
      <ItemStatus>1</ItemStatus>
      <ItemId>814746</ItemId>
    </Item>
    <Item>
      <PriceUpdateDate>2013-12-31 08:24:42</PriceUpdateDate>
      <ItemCode>7290006241191</ItemCode>
      <ItemType>1</ItemType>
      <ItemName>אגוזי מלך טבעיים קלי</ItemName>
      <ManufacturerName>קליית גת</ManufacturerName>
      <ManufactureCountry>לא ידוע</ManufactureCountry>
      <ManufacturerItemDescription>אגוזי מלך טבעיים קלי</ManufacturerItemDescription>
      <UnitQty>גרמים</UnitQty>
      <Quantity>150.00</Quantity>
      <UnitOfMeasure>00000000000000000גרם</UnitOfMeasure>
      <bIsWeighted>0</bIsWeighted>
      <QtyInPackage>לא ידוע</QtyInPackage>
      <ItemPrice>18.20</ItemPrice>
      <UnitOfMeasurePrice>0.1213</UnitOfMeasurePrice>
      <AllowDiscount>1</AllowDiscount>
      <ItemStatus>1</ItemStatus>
      <ItemId>814760</ItemId>
    </Item>
    <Item>
      <PriceUpdateDate>2014-03-03 11:47:31</PriceUpdateDate>
      <ItemCode>7290013144195</ItemCode>
      <ItemType>1</ItemType>
      <ItemName>מיימונס תערובת כדורי</ItemName>
      <ManufacturerName>מימונס</ManufacturerName>
      <ManufactureCountry>ישראל</ManufactureCountry>
      <ManufacturerItemDescription>תערובת כדורי שוקולד</ManufacturerItemDescription>
      <UnitQty>גרמים</UnitQty>
      <Quantity>500.00</Quantity>
      <UnitOfMeasure>00000000000000000גרם</UnitOfMeasure>
      <bIsWeighted>0</bIsWeighted>
      <QtyInPackage>לא ידוע</QtyInPackage>
      <ItemPrice>15.90</ItemPrice>
      <UnitOfMeasurePrice>0.0318</UnitOfMeasurePrice>
      <AllowDiscount>1</AllowDiscount>
      <ItemStatus>1</ItemStatus>
      <ItemId>823465</ItemId>
    </Item>
    <Item>
      <PriceUpdateDate>2014-03-03 11:47:31</PriceUpdateDate>
      <ItemCode>7290013144218</ItemCode>
      <ItemType>1</ItemType>
      <ItemName>מיימונס תערובת עוגת</ItemName>
      <ManufacturerName>מימונס</ManufacturerName>
      <ManufactureCountry>ישראל</ManufactureCountry>
      <ManufacturerItemDescription>תערובת עוגת וניל</ManufacturerItemDescription>
      <UnitQty>גרמים</UnitQty>
      <Quantity>560.00</Quantity>
      <UnitOfMeasure>00000000000000000גרם</UnitOfMeasure>
      <bIsWeighted>0</bIsWeighted>
      <QtyInPackage>לא ידוע</QtyInPackage>
      <ItemPrice>15.90</ItemPrice>
      <UnitOfMeasurePrice>0.0284</UnitOfMeasurePrice>
      <AllowDiscount>1</AllowDiscount>
      <ItemStatus>1</ItemStatus>
      <ItemId>823467</ItemId>
    </Item>
    <Item>
      <PriceUpdateDate>2014-03-03 11:47:32</PriceUpdateDate>
      <ItemCode>7290013144225</ItemCode>
      <ItemType>1</ItemType>
      <ItemName>מיימונס תערובת עוגת</ItemName>
      <ManufacturerName>מימונס</ManufacturerName>
      <ManufactureCountry>ישראל</ManufactureCountry>
      <ManufacturerItemDescription>תערובת עוגת שיש</ManufacturerItemDescription>
      <UnitQty>גרמים</UnitQty>
      <Quantity>560.00</Quantity>
      <UnitOfMeasure>00000000000000000גרם</UnitOfMeasure>
      <bIsWeighted>0</bIsWeighted>
      <QtyInPackage>לא ידוע</QtyInPackage>
      <ItemPrice>15.90</ItemPrice>
      <UnitOfMeasurePrice>0.0284</UnitOfMeasurePrice>
      <AllowDiscount>1</AllowDiscount>
      <ItemStatus>1</ItemStatus>
      <ItemId>823468</ItemId>
    </Item>
    <Item>
      <PriceUpdateDate>2014-03-17 09:26:01</PriceUpdateDate>
      <ItemCode>7290013144171</ItemCode>
      <ItemType>1</ItemType>
      <ItemName>מיימונס תערובת עוגת</ItemName>
      <ManufacturerName>מימונס</ManufacturerName>
      <ManufactureCountry>ישראל</ManufactureCountry>
      <ManufacturerItemDescription>תערובת עוגת שוקולד</ManufacturerItemDescription>
      <UnitQty>גרמים</UnitQty>
      <Quantity>560.00</Quantity>
      <UnitOfMeasure>00000000000000000גרם</UnitOfMeasure>
      <bIsWeighted>0</bIsWeighted>
      <QtyInPackage>לא ידוע</QtyInPackage>
      <ItemPrice>13.90</ItemPrice>
      <UnitOfMeasurePrice>0.0248</UnitOfMeasurePrice>
      <AllowDiscount>1</AllowDiscount>
      <ItemStatus>1</ItemStatus>
      <ItemId>823463</ItemId>
    </Item>
    <Item>
      <PriceUpdateDate>2014-04-22 11:51:06</PriceUpdateDate>
      <ItemCode>7290011164539</ItemCode>
      <ItemType>1</ItemType>
      <ItemName>סוכריות טופי ממולא ב</ItemName>
      <ManufacturerName>טעמן</ManufacturerName>
      <ManufactureCountry>לא ידוע</ManufactureCountry>
      <ManufacturerItemDescription>סוכריות טופי ממולא ב</ManufacturerItemDescription>
      <UnitQty>גרמים</UnitQty>
      <Quantity>600.00</Quantity>
      <UnitOfMeasure>00000000000000000גרם</UnitOfMeasure>
      <bIsWeighted>0</bIsWeighted>
      <QtyInPackage>לא ידוע</QtyInPackage>
      <ItemPrice>17.90</ItemPrice>
      <UnitOfMeasurePrice>0.0298</UnitOfMeasurePrice>
      <AllowDiscount>1</AllowDiscount>
      <ItemStatus>1</ItemStatus>
      <ItemId>806171</ItemId>
    </Item>
    <Item>
      <PriceUpdateDate>2014-06-01 16:02:31</PriceUpdateDate>
      <ItemCode>7290013144188</ItemCode>
      <ItemType>1</ItemType>
      <ItemName>מימונס תערובת להכנת</ItemName>
      <ManufacturerName>מימונס</ManufacturerName>
      <ManufactureCountry>ישראל</ManufactureCountry>
      <ManufacturerItemDescription>תערובת בראוניס</ManufacturerItemDescription>
      <UnitQty>גרמים</UnitQty>
      <Quantity>600.00</Quantity>
      <UnitOfMeasure>00000000000000000גרם</UnitOfMeasure>
      <bIsWeighted>0</bIsWeighted>
      <QtyInPackage>לא ידוע</QtyInPackage>
      <ItemPrice>15.90</ItemPrice>
      <UnitOfMeasurePrice>0.0265</UnitOfMeasurePrice>
      <AllowDiscount>1</AllowDiscount>
      <ItemStatus>1</ItemStatus>
      <ItemId>823464</ItemId>
    </Item>
    <Item>
      <PriceUpdateDate>2014-06-01 16:02:32</PriceUpdateDate>
      <ItemCode>7290013144201</ItemCode>
      <ItemType>1</ItemType>
      <ItemName>מיימונס תערובת פנקיי</ItemName>
      <ManufacturerName>מימונס</ManufacturerName>
      <ManufactureCountry>ישראל</ManufactureCountry>
      <ManufacturerItemDescription>תערובת פנקייק</ManufacturerItemDescription>
      <UnitQty>גרמים</UnitQty>
      <Quantity>400.00</Quantity>
      <UnitOfMeasure>00000000000000000גרם</UnitOfMeasure>
      <bIsWeighted>0</bIsWeighted>
      <QtyInPackage>לא ידוע</QtyInPackage>
      <ItemPrice>14.90</ItemPrice>
      <UnitOfMeasurePrice>0.0373</UnitOfMeasurePrice>
      <AllowDiscount>1</AllowDiscount>
      <ItemStatus>1</ItemStatus>
      <ItemId>823466</ItemId>
    </Item>
    <Item>
      <PriceUpdateDate>2014-10-01 16:06:05</PriceUpdateDate>
      <ItemCode>7290000525969</ItemCode>
      <ItemType>1</ItemType>
      <ItemName>מיץ תפוזים סחוט טבעי</ItemName>
      <ManufacturerName>פרימור</ManufacturerName>
      <ManufactureCountry>לא ידוע</ManufactureCountry>
      <ManufacturerItemDescription>מיץ תפוזים סחוט טבעי</ManufacturerItemDescription>
      <UnitQty>ליטרים</UnitQty>
      <Quantity>1.00</Quantity>
      <UnitOfMeasure>0000000000000000ליטר</UnitOfMeasure>
      <bIsWeighted>0</bIsWeighted>
      <QtyInPackage>לא ידוע</QtyInPackage>
      <ItemPrice>14.30</ItemPrice>
      <UnitOfMeasurePrice>14.3000</UnitOfMeasurePrice>
      <AllowDiscount>1</AllowDiscount>
      <ItemStatus>1</ItemStatus>
      <ItemId>818276</ItemId>
    </Item>
    <Item>
      <PriceUpdateDate>2014-11-02 16:17:32</PriceUpdateDate>
      <ItemCode>7290013144386</ItemCode>
      <ItemType>1</ItemType>
      <ItemName>מימונס ג'וני גלילית</ItemName>
      <ManufacturerName>הגביע</ManufacturerName>
      <ManufactureCountry>ישראל</ManufactureCountry>
      <ManufacturerItemDescription>ג'וני - שוקו</ManufacturerItemDescription>
      <UnitQty>00000000000000000000</UnitQty>
      <Quantity>0.00</Quantity>
      <UnitOfMeasure>00000000000000000000</UnitOfMeasure>
      <bIsWeighted>0</bIsWeighted>
      <QtyInPackage>לא ידוע</QtyInPackage>
      <ItemPrice>21.50</ItemPrice>
      <UnitOfMeasurePrice>0.0000</UnitOfMeasurePrice>
      <AllowDiscount>1</AllowDiscount>
      <ItemStatus>1</ItemStatus>
      <ItemId>823483</ItemId>
    </Item>
    <Item>
      <PriceUpdateDate>2014-12-01 14:03:47</PriceUpdateDate>
      <ItemCode>7290000148748</ItemCode>
      <ItemType>1</ItemType>
      <ItemName>גרעיני חמניות קלויים</ItemName>
      <ManufacturerName>קליית גת</ManufacturerName>
      <ManufactureCountry>לא ידוע</ManufactureCountry>
      <ManufacturerItemDescription>גרעיני חמניות קלויים</ManufacturerItemDescription>
      <UnitQty>גרמים</UnitQty>
      <Quantity>200.00</Quantity>
      <UnitOfMeasure>00000000000000000גרם</UnitOfMeasure>
      <bIsWeighted>0</bIsWeighted>
      <QtyInPackage>לא ידוע</QtyInPackage>
      <ItemPrice>6.90</ItemPrice>
      <UnitOfMeasurePrice>0.0345</UnitOfMeasurePrice>
      <AllowDiscount>1</AllowDiscount>
      <ItemStatus>1</ItemStatus>
      <ItemId>814691</ItemId>
    </Item>
    <Item>
      <PriceUpdateDate>2015-03-11 18:29:44</PriceUpdateDate>
      <ItemCode>2385622</ItemCode>
      <ItemType>3</ItemType>
      <ItemName>ריקוטה גד 5% מהדרין</ItemName>
      <ManufacturerName>לא ידוע</ManufacturerName>
      <ManufactureCountry>לא ידוע</ManufactureCountry>
      <ManufacturerItemDescription>ריקוטה גד 5% מהדרין</ManufacturerItemDescription>
      <UnitQty>קילוגרמים</UnitQty>
      <Quantity>1.00</Quantity>
      <UnitOfMeasure>ק"ג</UnitOfMeasure>
      <bIsWeighted>1</bIsWeighted>
      <QtyInPackage>לא ידוע</QtyInPackage>
      <ItemPrice>56.50</ItemPrice>
      <UnitOfMeasurePrice>56.5000</UnitOfMeasurePrice>
      <AllowDiscount>1</AllowDiscount>
      <ItemStatus>1</ItemStatus>
      <ItemId>807854</ItemId>
    </Item>
    <Item>
      <PriceUpdateDate>2015-05-12 14:24:32</PriceUpdateDate>
      <ItemCode>7290003414406</ItemCode>
      <ItemType>1</ItemType>
      <ItemName>ריזס נטיפים לאפייה</ItemName>
      <ManufacturerName>לא ידוע</ManufacturerName>
      <ManufactureCountry>לא ידוע</ManufactureCountry>
      <ManufacturerItemDescription>ריזס נטיפים לאפייה</ManufacturerItemDescription>
      <UnitQty>גרמים</UnitQty>
      <Quantity>283.00</Quantity>
      <UnitOfMeasure>00000000000000000גרם</UnitOfMeasure>
      <bIsWeighted>0</bIsWeighted>
      <QtyInPackage>לא ידוע</QtyInPackage>
      <ItemPrice>14.90</ItemPrice>
      <UnitOfMeasurePrice>0.0527</UnitOfMeasurePrice>
      <AllowDiscount>1</AllowDiscount>
      <ItemStatus>1</ItemStatus>
      <ItemId>1069503</ItemId>
    </Item>
    <Item>
      <PriceUpdateDate>2015-05-12 14:24:34</PriceUpdateDate>
      <ItemCode>34000146208</ItemCode>
      <ItemType>1</ItemType>
      <ItemName>מיני נשיקות הרשי 283</ItemName>
      <ManufacturerName>לא ידוע</ManufacturerName>
      <ManufactureCountry>לא ידוע</ManufactureCountry>
      <ManufacturerItemDescription>מיני נשיקות הרשי 283</ManufacturerItemDescription>
      <UnitQty>גרמים</UnitQty>
      <Quantity>283.00</Quantity>
      <UnitOfMeasure>00000000000000000גרם</UnitOfMeasure>
      <bIsWeighted>0</bIsWeighted>
      <QtyInPackage>לא ידוע</QtyInPackage>
      <ItemPrice>19.90</ItemPrice>
      <UnitOfMeasurePrice>0.0703</UnitOfMeasurePrice>
      <AllowDiscount>1</AllowDiscount>
      <ItemStatus>1</ItemStatus>
      <ItemId>1069504</ItemId>
    </Item>
    <Item>
      <PriceUpdateDate>2015-07-08 06:46:37</PriceUpdateDate>
      <ItemCode>7290010945481</ItemCode>
      <ItemType>1</ItemType>
      <ItemName>גבינה לבנה 5% טרה 50</ItemName>
      <ManufacturerName>טרה</ManufacturerName>
      <ManufactureCountry>לא ידוע</ManufactureCountry>
      <ManufacturerItemDescription>גבינה לבנה 5% טרה 50</ManufacturerItemDescription>
      <UnitQty>גרמים</UnitQty>
      <Quantity>500.00</Quantity>
      <UnitOfMeasure>00000000000000000גרם</UnitOfMeasure>
      <bIsWeighted>0</bIsWeighted>
      <QtyInPackage>לא ידוע</QtyInPackage>
      <ItemPrice>9.50</ItemPrice>
      <UnitOfMeasurePrice>0.0190</UnitOfMeasurePrice>
      <AllowDiscount>1</AllowDiscount>
      <ItemStatus>1</ItemStatus>
      <ItemId>800011</ItemId>
    </Item>
    <Item>
      <PriceUpdateDate>2015-07-14 11:36:42</PriceUpdateDate>
      <ItemCode>7290003144297</ItemCode>
      <ItemType>1</ItemType>
      <ItemName>צ'וקטה רול 300 גרם</ItemName>
      <ManufacturerName>צ'וקטה</ManufacturerName>
      <ManufactureCountry>לא ידוע</ManufactureCountry>
      <ManufacturerItemDescription>צ'וקטה רול 300 גרם</ManufacturerItemDescription>
      <UnitQty>גרמים</UnitQty>
      <Quantity>300.00</Quantity>
      <UnitOfMeasure>00000000000000000גרם</UnitOfMeasure>
      <bIsWeighted>0</bIsWeighted>
      <QtyInPackage>לא ידוע</QtyInPackage>
      <ItemPrice>14.90</ItemPrice>
      <UnitOfMeasurePrice>0.0497</UnitOfMeasurePrice>
      <AllowDiscount>1</AllowDiscount>
      <ItemStatus>1</ItemStatus>
      <ItemId>1088115</ItemId>
    </Item>
    <Item>
      <PriceUpdateDate>2015-07-21 12:34:23</PriceUpdateDate>
      <ItemCode>7290014126428</ItemCode>
      <ItemType>1</ItemType>
      <ItemName>סטיביה 150 טבליות</ItemName>
      <ManufacturerName>Surel</ManufacturerName>
      <ManufactureCountry>סין</ManufactureCountry>
      <ManufacturerItemDescription>מר' סטיביה 150טבליות</ManufacturerItemDescription>
      <UnitQty>00000000000000000000</UnitQty>
      <Quantity>0.00</Quantity>
      <UnitOfMeasure>00000000000000000000</UnitOfMeasure>
      <bIsWeighted>0</bIsWeighted>
      <QtyInPackage>לא ידוע</QtyInPackage>
      <ItemPrice>27.90</ItemPrice>
      <UnitOfMeasurePrice>0.0000</UnitOfMeasurePrice>
      <AllowDiscount>1</AllowDiscount>
      <ItemStatus>1</ItemStatus>
      <ItemId>1024005</ItemId>
    </Item>
    <Item>
      <PriceUpdateDate>2015-08-12 13:02:05</PriceUpdateDate>
      <ItemCode>7702174066457</ItemCode>
      <ItemType>1</ItemType>
      <ItemName>סוכריות בטעם ריבת חל</ItemName>
      <ManufacturerName>יוגוטה</ManufacturerName>
      <ManufactureCountry>לא ידוע</ManufactureCountry>
      <ManufacturerItemDescription>סוכריות בטעם ריבת חל</ManufacturerItemDescription>
      <UnitQty>גרמים</UnitQty>
      <Quantity>80.00</Quantity>
      <UnitOfMeasure>00000000000000000גרם</UnitOfMeasure>
      <bIsWeighted>0</bIsWeighted>
      <QtyInPackage>לא ידוע</QtyInPackage>
      <ItemPrice>7.80</ItemPrice>
      <UnitOfMeasurePrice>0.0975</UnitOfMeasurePrice>
      <AllowDiscount>1</AllowDiscount>
      <ItemStatus>1</ItemStatus>
      <ItemId>814777</ItemId>
    </Item>
    <Item>
      <PriceUpdateDate>2015-08-12 13:02:05</PriceUpdateDate>
      <ItemCode>7702174066464</ItemCode>
      <ItemType>1</ItemType>
      <ItemName>סוכריות קשות בטעם מנ</ItemName>
      <ManufacturerName>יוגוטה</ManufacturerName>
      <ManufactureCountry>לא ידוע</ManufactureCountry>
      <ManufacturerItemDescription>סוכריות קשות בטעם מנ</ManufacturerItemDescription>
      <UnitQty>גרמים</UnitQty>
      <Quantity>80.00</Quantity>
      <UnitOfMeasure>00000000000000000גרם</UnitOfMeasure>
      <bIsWeighted>0</bIsWeighted>
      <QtyInPackage>לא ידוע</QtyInPackage>
      <ItemPrice>7.80</ItemPrice>
      <UnitOfMeasurePrice>0.0975</UnitOfMeasurePrice>
      <AllowDiscount>1</AllowDiscount>
      <ItemStatus>1</ItemStatus>
      <ItemId>814778</ItemId>
    </Item>
    <Item>
      <PriceUpdateDate>2015-08-12 13:02:05</PriceUpdateDate>
      <ItemCode>7702174066631</ItemCode>
      <ItemType>1</ItemType>
      <ItemName>סוכריות לקקן בטעמי פ</ItemName>
      <ManufacturerName>פינפופ</ManufacturerName>
      <ManufactureCountry>לא ידוע</ManufactureCountry>
      <ManufacturerItemDescription>סוכריות לקקן בטעמי פ</ManufacturerItemDescription>
      <UnitQty>גרמים</UnitQty>
      <Quantity>180.00</Quantity>
      <UnitOfMeasure>00000000000000000גרם</UnitOfMeasure>
      <bIsWeighted>0</bIsWeighted>
      <QtyInPackage>לא ידוע</QtyInPackage>
      <ItemPrice>7.90</ItemPrice>
      <UnitOfMeasurePrice>0.0439</UnitOfMeasurePrice>
      <AllowDiscount>1</AllowDiscount>
      <ItemStatus>1</ItemStatus>
      <ItemId>814781</ItemId>
    </Item>
    <Item>
      <PriceUpdateDate>2015-08-12 13:02:05</PriceUpdateDate>
      <ItemCode>7702174069823</ItemCode>
      <ItemType>1</ItemType>
      <ItemName>יוגטה לקקן 180גר</ItemName>
      <ManufacturerName>לא ידוע</ManufacturerName>
      <ManufactureCountry>לא ידוע</ManufactureCountry>
      <ManufacturerItemDescription>יוגטה לקקן 180גר</ManufacturerItemDescription>
      <UnitQty>גרמים</UnitQty>
      <Quantity>216.00</Quantity>
      <UnitOfMeasure>00000000000000000גרם</UnitOfMeasure>
      <bIsWeighted>0</bIsWeighted>
      <QtyInPackage>לא ידוע</QtyInPackage>
      <ItemPrice>7.90</ItemPrice>
      <UnitOfMeasurePrice>0.0366</UnitOfMeasurePrice>
      <AllowDiscount>1</AllowDiscount>
      <ItemStatus>1</ItemStatus>
      <ItemId>839236</ItemId>
    </Item>
    <Item>
      <PriceUpdateDate>2015-09-17 12:33:27</PriceUpdateDate>
      <ItemCode>4135355</ItemCode>
      <ItemType>3</ItemType>
      <ItemName>בולגרית פיראוס 3% תנ</ItemName>
      <ManufacturerName>לא ידוע</ManufacturerName>
      <ManufactureCountry>לא ידוע</ManufactureCountry>
      <ManufacturerItemDescription>בולגרית פיראוס 3% תנ</ManufacturerItemDescription>
      <UnitQty>קילוגרמים</UnitQty>
      <Quantity>1.00</Quantity>
      <UnitOfMeasure>ק"ג</UnitOfMeasure>
      <bIsWeighted>1</bIsWeighted>
      <QtyInPackage>לא ידוע</QtyInPackage>
      <ItemPrice>47.90</ItemPrice>
      <UnitOfMeasurePrice>47.9000</UnitOfMeasurePrice>
      <AllowDiscount>1</AllowDiscount>
      <ItemStatus>1</ItemStatus>
      <ItemId>941321</ItemId>
    </Item>
    <Item>
      <PriceUpdateDate>2015-10-07 10:32:02</PriceUpdateDate>
      <ItemCode>31200002938</ItemCode>
      <ItemType>1</ItemType>
      <ItemName>חמוציות 142 ג</ItemName>
      <ManufacturerName>אושן ספריי</ManufacturerName>
      <ManufactureCountry>לא ידוע</ManufactureCountry>
      <ManufacturerItemDescription>חמוציות 142 ג</ManufacturerItemDescription>
      <UnitQty>גרמים</UnitQty>
      <Quantity>142.00</Quantity>
      <UnitOfMeasure>00000000000000000גרם</UnitOfMeasure>
      <bIsWeighted>0</bIsWeighted>
      <QtyInPackage>לא ידוע</QtyInPackage>
      <ItemPrice>11.10</ItemPrice>
      <UnitOfMeasurePrice>0.0782</UnitOfMeasurePrice>
      <AllowDiscount>1</AllowDiscount>
      <ItemStatus>1</ItemStatus>
      <ItemId>814575</ItemId>
    </Item>
    <Item>
      <PriceUpdateDate>2015-10-07 13:27:30</PriceUpdateDate>
      <ItemCode>7290008464512</ItemCode>
      <ItemType>1</ItemType>
      <ItemName>ג'אמפ מוגז אשכולית 1</ItemName>
      <ManufacturerName>לא ידוע</ManufacturerName>
      <ManufactureCountry>לא ידוע</ManufactureCountry>
      <ManufacturerItemDescription>ג'אמפ מוגז אשכולית 1</ManufacturerItemDescription>
      <UnitQty>מטרים</UnitQty>
      <Quantity>1500.00</Quantity>
      <UnitOfMeasure>00000000000000000מ'ל</UnitOfMeasure>
      <bIsWeighted>0</bIsWeighted>
      <QtyInPackage>לא ידוע</QtyInPackage>
      <ItemPrice>5.90</ItemPrice>
      <UnitOfMeasurePrice>0.0039</UnitOfMeasurePrice>
      <AllowDiscount>1</AllowDiscount>
      <ItemStatus>1</ItemStatus>
      <ItemId>1070169</ItemId>
    </Item>
    <Item>
      <PriceUpdateDate>2015-10-07 13:27:30</PriceUpdateDate>
      <ItemCode>7290008464529</ItemCode>
      <ItemType>1</ItemType>
      <ItemName>ג'אמפ מוגז ענבים 1.5</ItemName>
      <ManufacturerName>לא ידוע</ManufacturerName>
      <ManufactureCountry>לא ידוע</ManufactureCountry>
      <ManufacturerItemDescription>ג'אמפ מוגז ענבים 1.5</ManufacturerItemDescription>
      <UnitQty>מטרים</UnitQty>
      <Quantity>1500.00</Quantity>
      <UnitOfMeasure>00000000000000000מ'ל</UnitOfMeasure>
      <bIsWeighted>0</bIsWeighted>
      <QtyInPackage>לא ידוע</QtyInPackage>
      <ItemPrice>5.90</ItemPrice>
      <UnitOfMeasurePrice>0.0039</UnitOfMeasurePrice>
      <AllowDiscount>1</AllowDiscount>
      <ItemStatus>1</ItemStatus>
      <ItemId>1070170</ItemId>
    </Item>
    <Item>
      <PriceUpdateDate>2015-10-07 13:27:30</PriceUpdateDate>
      <ItemCode>7290008464536</ItemCode>
      <ItemType>1</ItemType>
      <ItemName>ג'אמפ מוגז תפוח 1.5ל</ItemName>
      <ManufacturerName>לא ידוע</ManufacturerName>
      <ManufactureCountry>לא ידוע</ManufactureCountry>
      <ManufacturerItemDescription>ג'אמפ מוגז תפוח 1.5ל</ManufacturerItemDescription>
      <UnitQty>מטרים</UnitQty>
      <Quantity>1500.00</Quantity>
      <UnitOfMeasure>00000000000000000מ'ל</UnitOfMeasure>
      <bIsWeighted>0</bIsWeighted>
      <QtyInPackage>לא ידוע</QtyInPackage>
      <ItemPrice>5.90</ItemPrice>
      <UnitOfMeasurePrice>0.0039</UnitOfMeasurePrice>
      <AllowDiscount>1</AllowDiscount>
      <ItemStatus>1</ItemStatus>
      <ItemId>1070171</ItemId>
    </Item>
    <Item>
      <PriceUpdateDate>2015-10-07 13:28:00</PriceUpdateDate>
      <ItemCode>7290000136721</ItemCode>
      <ItemType>1</ItemType>
      <ItemName>ג'אמפ תפוזים 1.5 ליט</ItemName>
      <ManufacturerName>טמפו</ManufacturerName>
      <ManufactureCountry>ישראל</ManufactureCountry>
      <ManufacturerItemDescription>ג'אמפ תפוזים 1.5 תריסר</ManufacturerItemDescription>
      <UnitQty>ליטרים</UnitQty>
      <Quantity>2.00</Quantity>
      <UnitOfMeasure>0000000000000000ליטר</UnitOfMeasure>
      <bIsWeighted>0</bIsWeighted>
      <QtyInPackage>לא ידוע</QtyInPackage>
      <ItemPrice>5.50</ItemPrice>
      <UnitOfMeasurePrice>2.7500</UnitOfMeasurePrice>
      <AllowDiscount>1</AllowDiscount>
      <ItemStatus>1</ItemStatus>
      <ItemId>804159</ItemId>
    </Item>
    <Item>
      <PriceUpdateDate>2015-10-07 13:28:02</PriceUpdateDate>
      <ItemCode>7290000136738</ItemCode>
      <ItemType>1</ItemType>
      <ItemName>ג'אמפ אשכוליות 1.5 ל</ItemName>
      <ManufacturerName>טמפו</ManufacturerName>
      <ManufactureCountry>ישראל</ManufactureCountry>
      <ManufacturerItemDescription>ג'אמפ אשכוליות 1.5 תריסר</ManufacturerItemDescription>
      <UnitQty>ליטרים</UnitQty>
      <Quantity>2.00</Quantity>
      <UnitOfMeasure>0000000000000000ליטר</UnitOfMeasure>
      <bIsWeighted>0</bIsWeighted>
      <QtyInPackage>לא ידוע</QtyInPackage>
      <ItemPrice>5.50</ItemPrice>
      <UnitOfMeasurePrice>2.7500</UnitOfMeasurePrice>
      <AllowDiscount>1</AllowDiscount>
      <ItemStatus>1</ItemStatus>
      <ItemId>804160</ItemId>
    </Item>
    <Item>
      <PriceUpdateDate>2015-10-07 13:28:04</PriceUpdateDate>
      <ItemCode>7290000136745</ItemCode>
      <ItemType>1</ItemType>
      <ItemName>ג'אמפ תות בננה 1.5 ל</ItemName>
      <ManufacturerName>טמפו</ManufacturerName>
      <ManufactureCountry>ישראל</ManufactureCountry>
      <ManufacturerItemDescription>ג'אמפ תות בננה 1.5 תריסר</ManufacturerItemDescription>
      <UnitQty>ליטרים</UnitQty>
      <Quantity>2.00</Quantity>
      <UnitOfMeasure>0000000000000000ליטר</UnitOfMeasure>
      <bIsWeighted>0</bIsWeighted>
      <QtyInPackage>לא ידוע</QtyInPackage>
      <ItemPrice>5.50</ItemPrice>
      <UnitOfMeasurePrice>2.7500</UnitOfMeasurePrice>
      <AllowDiscount>1</AllowDiscount>
      <ItemStatus>1</ItemStatus>
      <ItemId>804161</ItemId>
    </Item>
    <Item>
      <PriceUpdateDate>2015-10-07 13:28:07</PriceUpdateDate>
      <ItemCode>7290000327372</ItemCode>
      <ItemType>1</ItemType>
      <ItemName>ג'אמפ דיאט אשכוליות</ItemName>
      <ManufacturerName>טמפו</ManufacturerName>
      <ManufactureCountry>ישראל</ManufactureCountry>
      <ManufacturerItemDescription>ג'אמפ דיאט אשכוליות 1.5 ת</ManufacturerItemDescription>
      <UnitQty>ליטרים</UnitQty>
      <Quantity>2.00</Quantity>
      <UnitOfMeasure>0000000000000000ליטר</UnitOfMeasure>
      <bIsWeighted>0</bIsWeighted>
      <QtyInPackage>לא ידוע</QtyInPackage>
      <ItemPrice>5.50</ItemPrice>
      <UnitOfMeasurePrice>2.7500</UnitOfMeasurePrice>
      <AllowDiscount>1</AllowDiscount>
      <ItemStatus>1</ItemStatus>
      <ItemId>804162</ItemId>
    </Item>
    <Item>
      <PriceUpdateDate>2015-10-07 13:28:10</PriceUpdateDate>
      <ItemCode>7290000327440</ItemCode>
      <ItemType>1</ItemType>
      <ItemName>ג'אמפ מנגו פסיפלורה</ItemName>
      <ManufacturerName>טמפו</ManufacturerName>
      <ManufactureCountry>ישראל</ManufactureCountry>
      <ManufacturerItemDescription>ג'אמפ מנגו פסיפלורה 1.5 ת</ManufacturerItemDescription>
      <UnitQty>ליטרים</UnitQty>
      <Quantity>2.00</Quantity>
      <UnitOfMeasure>0000000000000000ליטר</UnitOfMeasure>
      <bIsWeighted>0</bIsWeighted>
      <QtyInPackage>לא ידוע</QtyInPackage>
      <ItemPrice>5.50</ItemPrice>
      <UnitOfMeasurePrice>2.7500</UnitOfMeasurePrice>
      <AllowDiscount>1</AllowDiscount>
      <ItemStatus>1</ItemStatus>
      <ItemId>804163</ItemId>
    </Item>
    <Item>
      <PriceUpdateDate>2015-10-07 13:28:13</PriceUpdateDate>
      <ItemCode>7290006229069</ItemCode>
      <ItemType>1</ItemType>
      <ItemName>ג'אמפ ענבים 1.5 ליטר</ItemName>
      <ManufacturerName>טמפו</ManufacturerName>
      <ManufactureCountry>ישראל</ManufactureCountry>
      <ManufacturerItemDescription>ג'אמפ ענבים 1.5 תריסר</ManufacturerItemDescription>
      <UnitQty>ליטרים</UnitQty>
      <Quantity>2.00</Quantity>
      <UnitOfMeasure>0000000000000000ליטר</UnitOfMeasure>
      <bIsWeighted>0</bIsWeighted>
      <QtyInPackage>לא ידוע</QtyInPackage>
      <ItemPrice>5.50</ItemPrice>
      <UnitOfMeasurePrice>2.7500</UnitOfMeasurePrice>
      <AllowDiscount>1</AllowDiscount>
      <ItemStatus>1</ItemStatus>
      <ItemId>804204</ItemId>
    </Item>
    <Item>
      <PriceUpdateDate>2015-10-07 13:29:41</PriceUpdateDate>
      <ItemCode>7290013144331</ItemCode>
      <ItemType>1</ItemType>
      <ItemName>מיימונס קרם שניט 400</ItemName>
      <ManufacturerName>תבואות</ManufacturerName>
      <ManufactureCountry>ישראל</ManufactureCountry>
      <ManufacturerItemDescription>עלים לקרמשניט</ManufacturerItemDescription>
      <UnitQty>גרמים</UnitQty>
      <Quantity>400.00</Quantity>
      <UnitOfMeasure>00000000000000000גרם</UnitOfMeasure>
      <bIsWeighted>0</bIsWeighted>
      <QtyInPackage>לא ידוע</QtyInPackage>
      <ItemPrice>18.90</ItemPrice>
      <UnitOfMeasurePrice>0.0472</UnitOfMeasurePrice>
      <AllowDiscount>1</AllowDiscount>
      <ItemStatus>1</ItemStatus>
      <ItemId>823478</ItemId>
    </Item>
    <Item>
      <PriceUpdateDate>2015-10-07 13:29:41</PriceUpdateDate>
      <ItemCode>7290013145451</ItemCode>
      <ItemType>1</ItemType>
      <ItemName>קקאו 150 גרם</ItemName>
      <ManufacturerName>מימונס</ManufacturerName>
      <ManufactureCountry>ישראל</ManufactureCountry>
      <ManufacturerItemDescription>קקאו דל שומן  10-12% , 15</ManufacturerItemDescription>
      <UnitQty>גרמים</UnitQty>
      <Quantity>150.00</Quantity>
      <UnitOfMeasure>00000000000000000גרם</UnitOfMeasure>
      <bIsWeighted>0</bIsWeighted>
      <QtyInPackage>לא ידוע</QtyInPackage>
      <ItemPrice>8.90</ItemPrice>
      <UnitOfMeasurePrice>0.0593</UnitOfMeasurePrice>
      <AllowDiscount>1</AllowDiscount>
      <ItemStatus>1</ItemStatus>
      <ItemId>1062802</ItemId>
    </Item>
    <Item>
      <PriceUpdateDate>2015-10-07 13:29:41</PriceUpdateDate>
      <ItemCode>7290013145468</ItemCode>
      <ItemType>1</ItemType>
      <ItemName>קקאו 500 גרם</ItemName>
      <ManufacturerName>מימונס</ManufacturerName>
      <ManufactureCountry>ישראל</ManufactureCountry>
      <ManufacturerItemDescription>קקאו דל שומן 10-12%, 500</ManufacturerItemDescription>
      <UnitQty>גרמים</UnitQty>
      <Quantity>500.00</Quantity>
      <UnitOfMeasure>00000000000000000גרם</UnitOfMeasure>
      <bIsWeighted>0</bIsWeighted>
      <QtyInPackage>לא ידוע</QtyInPackage>
      <ItemPrice>24.90</ItemPrice>
      <UnitOfMeasurePrice>0.0498</UnitOfMeasurePrice>
      <AllowDiscount>1</AllowDiscount>
      <ItemStatus>1</ItemStatus>
      <ItemId>1062836</ItemId>
    </Item>
    <Item>
      <PriceUpdateDate>2015-10-08 12:25:53</PriceUpdateDate>
      <ItemCode>7290013038005</ItemCode>
      <ItemType>1</ItemType>
      <ItemName>ג'אמפ תפוח 1.5 ליטר</ItemName>
      <ManufacturerName>טמפו</ManufacturerName>
      <ManufactureCountry>ישראל</ManufactureCountry>
      <ManufacturerItemDescription>ג'אמפ תפוח 1.5 תריסר</ManufacturerItemDescription>
      <UnitQty>ליטרים</UnitQty>
      <Quantity>2.00</Quantity>
      <UnitOfMeasure>0000000000000000ליטר</UnitOfMeasure>
      <bIsWeighted>0</bIsWeighted>
      <QtyInPackage>לא ידוע</QtyInPackage>
      <ItemPrice>5.50</ItemPrice>
      <UnitOfMeasurePrice>2.7500</UnitOfMeasurePrice>
      <AllowDiscount>1</AllowDiscount>
      <ItemStatus>1</ItemStatus>
      <ItemId>804292</ItemId>
    </Item>
    <Item>
      <PriceUpdateDate>2015-11-03 15:14:41</PriceUpdateDate>
      <ItemCode>7290014046504</ItemCode>
      <ItemType>1</ItemType>
      <ItemName>פסטרמה ברביקיו דק דק</ItemName>
      <ManufacturerName>מעדני  יחיעם</ManufacturerName>
      <ManufactureCountry>לא ידוע</ManufactureCountry>
      <ManufacturerItemDescription>פסטרמה ברביקיו דק דק</ManufacturerItemDescription>
      <UnitQty>גרמים</UnitQty>
      <Quantity>140.00</Quantity>
      <UnitOfMeasure>00000000000000000גרם</UnitOfMeasure>
      <bIsWeighted>0</bIsWeighted>
      <QtyInPackage>לא ידוע</QtyInPackage>
      <ItemPrice>11.90</ItemPrice>
      <UnitOfMeasurePrice>0.0850</UnitOfMeasurePrice>
      <AllowDiscount>1</AllowDiscount>
      <ItemStatus>1</ItemStatus>
      <ItemId>868737</ItemId>
    </Item>
    <Item>
      <PriceUpdateDate>2015-11-03 15:14:41</PriceUpdateDate>
      <ItemCode>7290014046511</ItemCode>
      <ItemType>1</ItemType>
      <ItemName>פסטרמה בדבש דק דק 14</ItemName>
      <ManufacturerName>מעדני  יחיעם</ManufacturerName>
      <ManufactureCountry>לא ידוע</ManufactureCountry>
      <ManufacturerItemDescription>פסטרמה בדבש דק דק 14</ManufacturerItemDescription>
      <UnitQty>גרמים</UnitQty>
      <Quantity>140.00</Quantity>
      <UnitOfMeasure>00000000000000000גרם</UnitOfMeasure>
      <bIsWeighted>0</bIsWeighted>
      <QtyInPackage>לא ידוע</QtyInPackage>
      <ItemPrice>11.90</ItemPrice>
      <UnitOfMeasurePrice>0.0850</UnitOfMeasurePrice>
      <AllowDiscount>1</AllowDiscount>
      <ItemStatus>1</ItemStatus>
      <ItemId>868738</ItemId>
    </Item>
    <Item>
      <PriceUpdateDate>2015-11-03 15:14:41</PriceUpdateDate>
      <ItemCode>7290014046535</ItemCode>
      <ItemType>1</ItemType>
      <ItemName>פסטרמה עוף על האש דק</ItemName>
      <ManufacturerName>מעדני  יחיעם</ManufacturerName>
      <ManufactureCountry>לא ידוע</ManufactureCountry>
      <ManufacturerItemDescription>פסטרמה עוף על האש דק</ManufacturerItemDescription>
      <UnitQty>גרמים</UnitQty>
      <Quantity>140.00</Quantity>
      <UnitOfMeasure>00000000000000000גרם</UnitOfMeasure>
      <bIsWeighted>0</bIsWeighted>
      <QtyInPackage>לא ידוע</QtyInPackage>
      <ItemPrice>11.90</ItemPrice>
      <UnitOfMeasurePrice>0.0850</UnitOfMeasurePrice>
      <AllowDiscount>1</AllowDiscount>
      <ItemStatus>1</ItemStatus>
      <ItemId>868740</ItemId>
    </Item>
    <Item>
      <PriceUpdateDate>2015-11-03 15:14:41</PriceUpdateDate>
      <ItemCode>7290013144768</ItemCode>
      <ItemType>1</ItemType>
      <ItemName>סירופ בטעם שוקולד 50</ItemName>
      <ManufacturerName>מימונס</ManufacturerName>
      <ManufactureCountry>ישראל</ManufactureCountry>
      <ManufacturerItemDescription>סירופ בטעם שוקולד 500 גרם</ManufacturerItemDescription>
      <UnitQty>00000000000000000100</UnitQty>
      <Quantity>500.00</Quantity>
      <UnitOfMeasure>00000000000000000100</UnitOfMeasure>
      <bIsWeighted>0</bIsWeighted>
      <QtyInPackage>לא ידוע</QtyInPackage>
      <ItemPrice>11.90</ItemPrice>
      <UnitOfMeasurePrice>0.0238</UnitOfMeasurePrice>
      <AllowDiscount>1</AllowDiscount>
      <ItemStatus>1</ItemStatus>
      <ItemId>987906</ItemId>
    </Item>
    <Item>
      <PriceUpdateDate>2015-11-04 13:53:52</PriceUpdateDate>
      <ItemCode>3245421402584</ItemCode>
      <ItemType>1</ItemType>
      <ItemName>כפפות ספונטקס לארג</ItemName>
      <ManufacturerName>ספונטקס</ManufacturerName>
      <ManufactureCountry>מלזיה</ManufactureCountry>
      <ManufacturerItemDescription>L ספונטקס כפפות</ManufacturerItemDescription>
      <UnitQty>00000000000000000000</UnitQty>
      <Quantity>0.00</Quantity>
      <UnitOfMeasure>00000000000000000000</UnitOfMeasure>
      <bIsWeighted>0</bIsWeighted>
      <QtyInPackage>לא ידוע</QtyInPackage>
      <ItemPrice>10.90</ItemPrice>
      <UnitOfMeasurePrice>0.0000</UnitOfMeasurePrice>
      <AllowDiscount>1</AllowDiscount>
      <ItemStatus>1</ItemStatus>
      <ItemId>937685</ItemId>
    </Item>
    <Item>
      <PriceUpdateDate>2015-11-04 13:55:27</PriceUpdateDate>
      <ItemCode>4135324</ItemCode>
      <ItemType>3</ItemType>
      <ItemName>בולגרית פיראוס 5% תנ</ItemName>
      <ManufacturerName>לא ידוע</ManufacturerName>
      <ManufactureCountry>לא ידוע</ManufactureCountry>
      <ManufacturerItemDescription>בולגרית פיראוס 5% תנ</ManufacturerItemDescription>
      <UnitQty>קילוגרמים</UnitQty>
      <Quantity>1.00</Quantity>
      <UnitOfMeasure>ק"ג</UnitOfMeasure>
      <bIsWeighted>1</bIsWeighted>
      <QtyInPackage>לא ידוע</QtyInPackage>
      <ItemPrice>47.90</ItemPrice>
      <UnitOfMeasurePrice>47.9000</UnitOfMeasurePrice>
      <AllowDiscount>1</AllowDiscount>
      <ItemStatus>1</ItemStatus>
      <ItemId>941320</ItemId>
    </Item>
    <Item>
      <PriceUpdateDate>2015-11-04 13:56:53</PriceUpdateDate>
      <ItemCode>7290004536022</ItemCode>
      <ItemType>1</ItemType>
      <ItemName>כפפות ורודות מספר 7</ItemName>
      <ManufacturerName>ספונטקס</ManufacturerName>
      <ManufactureCountry>מלזיה</ManufactureCountry>
      <ManufacturerItemDescription>כפפות ספונטקס-דלפין מספר</ManufacturerItemDescription>
      <UnitQty>00000000000000000000</UnitQty>
      <Quantity>0.00</Quantity>
      <UnitOfMeasure>00000000000000000000</UnitOfMeasure>
      <bIsWeighted>0</bIsWeighted>
      <QtyInPackage>לא ידוע</QtyInPackage>
      <ItemPrice>6.80</ItemPrice>
      <UnitOfMeasurePrice>0.0000</UnitOfMeasurePrice>
      <AllowDiscount>1</AllowDiscount>
      <ItemStatus>1</ItemStatus>
      <ItemId>800980</ItemId>
    </Item>
    <Item>
      <PriceUpdateDate>2015-11-04 13:56:53</PriceUpdateDate>
      <ItemCode>7290004536039</ItemCode>
      <ItemType>1</ItemType>
      <ItemName>כפפות דלפין זוג ורוד</ItemName>
      <ManufacturerName>ספונטקס</ManufacturerName>
      <ManufactureCountry>מלזיה</ManufactureCountry>
      <ManufacturerItemDescription>כפפות ספונטקס-דלפין מספר</ManufacturerItemDescription>
      <UnitQty>00000000000000000000</UnitQty>
      <Quantity>0.00</Quantity>
      <UnitOfMeasure>00000000000000000000</UnitOfMeasure>
      <bIsWeighted>0</bIsWeighted>
      <QtyInPackage>לא ידוע</QtyInPackage>
      <ItemPrice>6.80</ItemPrice>
      <UnitOfMeasurePrice>0.0000</UnitOfMeasurePrice>
      <AllowDiscount>1</AllowDiscount>
      <ItemStatus>1</ItemStatus>
      <ItemId>800981</ItemId>
    </Item>
    <Item>
      <PriceUpdateDate>2015-11-04 13:56:53</PriceUpdateDate>
      <ItemCode>7290004536053</ItemCode>
      <ItemType>1</ItemType>
      <ItemName>7 כפפות דלפין 2 צבעי</ItemName>
      <ManufacturerName>לא ידוע</ManufacturerName>
      <ManufactureCountry>לא ידוע</ManufactureCountry>
      <ManufacturerItemDescription>7 כפפות דלפין 2 צבעי</ManufacturerItemDescription>
      <UnitQty>00000000000000000000</UnitQty>
      <Quantity>0.00</Quantity>
      <UnitOfMeasure>00000000000000000000</UnitOfMeasure>
      <bIsWeighted>0</bIsWeighted>
      <QtyInPackage>לא ידוע</QtyInPackage>
      <ItemPrice>10.10</ItemPrice>
      <UnitOfMeasurePrice>0.0000</UnitOfMeasurePrice>
      <AllowDiscount>1</AllowDiscount>
      <ItemStatus>1</ItemStatus>
      <ItemId>800983</ItemId>
    </Item>
    <Item>
      <PriceUpdateDate>2015-11-05 08:09:29</PriceUpdateDate>
      <ItemCode>5012909010924</ItemCode>
      <ItemType>1</ItemType>
      <ItemName>פטמה לבקבוק 6+ אוונט</ItemName>
      <ManufacturerName>פיליפס אוונט</ManufacturerName>
      <ManufactureCountry>אנגליה</ManufactureCountry>
      <ManufacturerItemDescription>פטמה מעבר מהיר</ManufacturerItemDescription>
      <UnitQty>00000000000000000000</UnitQty>
      <Quantity>0.00</Quantity>
      <UnitOfMeasure>00000000000000000000</UnitOfMeasure>
      <bIsWeighted>0</bIsWeighted>
      <QtyInPackage>לא ידוע</QtyInPackage>
      <ItemPrice>39.90</ItemPrice>
      <UnitOfMeasurePrice>0.0000</UnitOfMeasurePrice>
      <AllowDiscount>1</AllowDiscount>
      <ItemStatus>1</ItemStatus>
      <ItemId>800839</ItemId>
    </Item>
    <Item>
      <PriceUpdateDate>2015-12-01 15:56:19</PriceUpdateDate>
      <ItemCode>554792</ItemCode>
      <ItemType>3</ItemType>
      <ItemName>בולגרית פח 5%</ItemName>
      <ManufacturerName>מחלבות גד</ManufacturerName>
      <ManufactureCountry>לא ידוע</ManufactureCountry>
      <ManufacturerItemDescription>בולגרית פח 5%</ManufacturerItemDescription>
      <UnitQty>קילוגרמים</UnitQty>
      <Quantity>1.00</Quantity>
      <UnitOfMeasure>ק"ג</UnitOfMeasure>
      <bIsWeighted>1</bIsWeighted>
      <QtyInPackage>לא ידוע</QtyInPackage>
      <ItemPrice>43.90</ItemPrice>
      <UnitOfMeasurePrice>43.9000</UnitOfMeasurePrice>
      <AllowDiscount>1</AllowDiscount>
      <ItemStatus>1</ItemStatus>
      <ItemId>807809</ItemId>
    </Item>
    <Item>
      <PriceUpdateDate>2015-12-01 15:56:19</PriceUpdateDate>
      <ItemCode>2385486</ItemCode>
      <ItemType>3</ItemType>
      <ItemName>שמנת גד 30% מהדרין</ItemName>
      <ManufacturerName>לא ידוע</ManufacturerName>
      <ManufactureCountry>לא ידוע</ManufactureCountry>
      <ManufacturerItemDescription>שמנת גד 30% מהדרין</ManufacturerItemDescription>
      <UnitQty>קילוגרמים</UnitQty>
      <Quantity>1.00</Quantity>
      <UnitOfMeasure>ק"ג</UnitOfMeasure>
      <bIsWeighted>1</bIsWeighted>
      <QtyInPackage>לא ידוע</QtyInPackage>
      <ItemPrice>39.90</ItemPrice>
      <UnitOfMeasurePrice>39.9000</UnitOfMeasurePrice>
      <AllowDiscount>1</AllowDiscount>
      <ItemStatus>1</ItemStatus>
      <ItemId>807844</ItemId>
    </Item>
    <Item>
      <PriceUpdateDate>2015-12-01 15:56:19</PriceUpdateDate>
      <ItemCode>2385493</ItemCode>
      <ItemType>3</ItemType>
      <ItemName>גבינת שמנת זיתים 30%</ItemName>
      <ManufacturerName>לא ידוע</ManufacturerName>
      <ManufactureCountry>לא ידוע</ManufactureCountry>
      <ManufacturerItemDescription>גבינת שמנת זיתים 30%</ManufacturerItemDescription>
      <UnitQty>קילוגרמים</UnitQty>
      <Quantity>1.00</Quantity>
      <UnitOfMeasure>ק"ג</UnitOfMeasure>
      <bIsWeighted>1</bIsWeighted>
      <QtyInPackage>לא ידוע</QtyInPackage>
      <ItemPrice>39.90</ItemPrice>
      <UnitOfMeasurePrice>39.9000</UnitOfMeasurePrice>
      <AllowDiscount>1</AllowDiscount>
      <ItemStatus>1</ItemStatus>
      <ItemId>807845</ItemId>
    </Item>
    <Item>
      <PriceUpdateDate>2015-12-01 15:56:19</PriceUpdateDate>
      <ItemCode>2385509</ItemCode>
      <ItemType>3</ItemType>
      <ItemName>שמנת גד 30% מהדרין</ItemName>
      <ManufacturerName>לא ידוע</ManufacturerName>
      <ManufactureCountry>לא ידוע</ManufactureCountry>
      <ManufacturerItemDescription>שמנת גד 30% מהדרין</ManufacturerItemDescription>
      <UnitQty>קילוגרמים</UnitQty>
      <Quantity>1.00</Quantity>
      <UnitOfMeasure>ק"ג</UnitOfMeasure>
      <bIsWeighted>1</bIsWeighted>
      <QtyInPackage>לא ידוע</QtyInPackage>
      <ItemPrice>39.90</ItemPrice>
      <UnitOfMeasurePrice>39.9000</UnitOfMeasurePrice>
      <AllowDiscount>1</AllowDiscount>
      <ItemStatus>1</ItemStatus>
      <ItemId>807846</ItemId>
    </Item>
    <Item>
      <PriceUpdateDate>2015-12-01 15:56:20</PriceUpdateDate>
      <ItemCode>7290002868446</ItemCode>
      <ItemType>1</ItemType>
      <ItemName>ניו יורק גבינה מותכת</ItemName>
      <ManufacturerName>טרה</ManufacturerName>
      <ManufactureCountry>לא ידוע</ManufactureCountry>
      <ManufacturerItemDescription>ניו יורק גבינה מותכת</ManufacturerItemDescription>
      <UnitQty>גרמים</UnitQty>
      <Quantity>100.00</Quantity>
      <UnitOfMeasure>00000000000000000גרם</UnitOfMeasure>
      <bIsWeighted>0</bIsWeighted>
      <QtyInPackage>לא ידוע</QtyInPackage>
      <ItemPrice>4.90</ItemPrice>
      <UnitOfMeasurePrice>0.0490</UnitOfMeasurePrice>
      <AllowDiscount>1</AllowDiscount>
      <ItemStatus>1</ItemStatus>
      <ItemId>799974</ItemId>
    </Item>
    <Item>
      <PriceUpdateDate>2015-12-01 15:56:20</PriceUpdateDate>
      <ItemCode>7290006364142</ItemCode>
      <ItemType>1</ItemType>
      <ItemName>קינלי סודה 4*1.5 ליט</ItemName>
      <ManufacturerName>קינלי</ManufacturerName>
      <ManufactureCountry>לא ידוע</ManufactureCountry>
      <ManufacturerItemDescription>קינלי סודה 4*1.5 ליט</ManufacturerItemDescription>
      <UnitQty>ליטרים</UnitQty>
      <Quantity>6.00</Quantity>
      <UnitOfMeasure>0000000000000000ליטר</UnitOfMeasure>
      <bIsWeighted>0</bIsWeighted>
      <QtyInPackage>לא ידוע</QtyInPackage>
      <ItemPrice>9.90</ItemPrice>
      <UnitOfMeasurePrice>1.6500</UnitOfMeasurePrice>
      <AllowDiscount>1</AllowDiscount>
      <ItemStatus>1</ItemStatus>
      <ItemId>800608</ItemId>
    </Item>
    <Item>
      <PriceUpdateDate>2015-12-01 15:56:20</PriceUpdateDate>
      <ItemCode>5992872</ItemCode>
      <ItemType>3</ItemType>
      <ItemName>צפתית רכה במים 5% במ</ItemName>
      <ManufacturerName>מחלבות גד</ManufacturerName>
      <ManufactureCountry>לא ידוע</ManufactureCountry>
      <ManufacturerItemDescription>צפתית רכה במים 5% במ</ManufacturerItemDescription>
      <UnitQty>קילוגרמים</UnitQty>
      <Quantity>1.00</Quantity>
      <UnitOfMeasure>ק"ג</UnitOfMeasure>
      <bIsWeighted>1</bIsWeighted>
      <QtyInPackage>לא ידוע</QtyInPackage>
      <ItemPrice>43.90</ItemPrice>
      <UnitOfMeasurePrice>43.9000</UnitOfMeasurePrice>
      <AllowDiscount>1</AllowDiscount>
      <ItemStatus>1</ItemStatus>
      <ItemId>807870</ItemId>
    </Item>
    <Item>
      <PriceUpdateDate>2015-12-01 15:56:20</PriceUpdateDate>
      <ItemCode>7290000295367</ItemCode>
      <ItemType>1</ItemType>
      <ItemName>מקסימה אבקת כביסה אפ</ItemName>
      <ManufacturerName>סנו</ManufacturerName>
      <ManufactureCountry>לא ידוע</ManufactureCountry>
      <ManufacturerItemDescription>מקסימה אבקת כביסה אפ</ManufacturerItemDescription>
      <UnitQty>000000000000000000קג</UnitQty>
      <Quantity>3.00</Quantity>
      <UnitOfMeasure>000000000000000000קג</UnitOfMeasure>
      <bIsWeighted>0</bIsWeighted>
      <QtyInPackage>לא ידוע</QtyInPackage>
      <ItemPrice>22.90</ItemPrice>
      <UnitOfMeasurePrice>7.6333</UnitOfMeasurePrice>
      <AllowDiscount>1</AllowDiscount>
      <ItemStatus>1</ItemStatus>
      <ItemId>809660</ItemId>
    </Item>
    <Item>
      <PriceUpdateDate>2015-12-01 15:56:20</PriceUpdateDate>
      <ItemCode>7290005425196</ItemCode>
      <ItemType>1</ItemType>
      <ItemName>מקסימה אבקת כביסה סנ</ItemName>
      <ManufacturerName>סנו</ManufacturerName>
      <ManufactureCountry>לא ידוע</ManufactureCountry>
      <ManufacturerItemDescription>מקסימה אבקת כביסה סנ</ManufacturerItemDescription>
      <UnitQty>000000000000000000קג</UnitQty>
      <Quantity>3.00</Quantity>
      <UnitOfMeasure>000000000000000000קג</UnitOfMeasure>
      <bIsWeighted>0</bIsWeighted>
      <QtyInPackage>לא ידוע</QtyInPackage>
      <ItemPrice>22.90</ItemPrice>
      <UnitOfMeasurePrice>7.6333</UnitOfMeasurePrice>
      <AllowDiscount>1</AllowDiscount>
      <ItemStatus>1</ItemStatus>
      <ItemId>809808</ItemId>
    </Item>
    <Item>
      <PriceUpdateDate>2015-12-01 15:56:20</PriceUpdateDate>
      <ItemCode>7290005425202</ItemCode>
      <ItemType>1</ItemType>
      <ItemName>מקסימה אבקת כביסה בי</ItemName>
      <ManufacturerName>סנו</ManufacturerName>
      <ManufactureCountry>לא ידוע</ManufactureCountry>
      <ManufacturerItemDescription>מקסימה אבקת כביסה בי</ManufacturerItemDescription>
      <UnitQty>000000000000000000קג</UnitQty>
      <Quantity>3.00</Quantity>
      <UnitOfMeasure>000000000000000000קג</UnitOfMeasure>
      <bIsWeighted>0</bIsWeighted>
      <QtyInPackage>לא ידוע</QtyInPackage>
      <ItemPrice>22.90</ItemPrice>
      <UnitOfMeasurePrice>7.6333</UnitOfMeasurePrice>
      <AllowDiscount>1</AllowDiscount>
      <ItemStatus>1</ItemStatus>
      <ItemId>809809</ItemId>
    </Item>
    <Item>
      <PriceUpdateDate>2015-12-01 15:56:20</PriceUpdateDate>
      <ItemCode>7290012116537</ItemCode>
      <ItemType>1</ItemType>
      <ItemName>מקסימה אבקת כביסה בנ</ItemName>
      <ManufacturerName>סנו</ManufacturerName>
      <ManufactureCountry>לא ידוע</ManufactureCountry>
      <ManufacturerItemDescription>מקסימה אבקת כביסה בנ</ManufacturerItemDescription>
      <UnitQty>000000000000000000קג</UnitQty>
      <Quantity>3.00</Quantity>
      <UnitOfMeasure>000000000000000000קג</UnitOfMeasure>
      <bIsWeighted>0</bIsWeighted>
      <QtyInPackage>לא ידוע</QtyInPackage>
      <ItemPrice>22.90</ItemPrice>
      <UnitOfMeasurePrice>7.6333</UnitOfMeasurePrice>
      <AllowDiscount>1</AllowDiscount>
      <ItemStatus>1</ItemStatus>
      <ItemId>810061</ItemId>
    </Item>
    <Item>
      <PriceUpdateDate>2015-12-01 15:56:20</PriceUpdateDate>
      <ItemCode>7290000530468</ItemCode>
      <ItemType>1</ItemType>
      <ItemName>נקניקיות וינר זוגלוב</ItemName>
      <ManufacturerName>זוגלובק</ManufacturerName>
      <ManufactureCountry>לא ידוע</ManufactureCountry>
      <ManufacturerItemDescription>נקניקיות וינר זוגלוב</ManufacturerItemDescription>
      <UnitQty>גרמים</UnitQty>
      <Quantity>1000.00</Quantity>
      <UnitOfMeasure>00000000000000000גרם</UnitOfMeasure>
      <bIsWeighted>0</bIsWeighted>
      <QtyInPackage>לא ידוע</QtyInPackage>
      <ItemPrice>24.90</ItemPrice>
      <UnitOfMeasurePrice>0.0249</UnitOfMeasurePrice>
      <AllowDiscount>1</AllowDiscount>
      <ItemStatus>1</ItemStatus>
      <ItemId>813853</ItemId>
    </Item>
    <Item>
      <PriceUpdateDate>2015-12-01 15:56:20</PriceUpdateDate>
      <ItemCode>7290000537603</ItemCode>
      <ItemType>1</ItemType>
      <ItemName>נקניקיות עוף זוגלובק</ItemName>
      <ManufacturerName>זוגלובק</ManufacturerName>
      <ManufactureCountry>לא ידוע</ManufactureCountry>
      <ManufacturerItemDescription>נקניקיות עוף זוגלובק</ManufacturerItemDescription>
      <UnitQty>גרמים</UnitQty>
      <Quantity>1000.00</Quantity>
      <UnitOfMeasure>00000000000000000גרם</UnitOfMeasure>
      <bIsWeighted>0</bIsWeighted>
      <QtyInPackage>לא ידוע</QtyInPackage>
      <ItemPrice>24.90</ItemPrice>
      <UnitOfMeasurePrice>0.0249</UnitOfMeasurePrice>
      <AllowDiscount>1</AllowDiscount>
      <ItemStatus>1</ItemStatus>
      <ItemId>813880</ItemId>
    </Item>
    <Item>
      <PriceUpdateDate>2015-12-01 15:56:20</PriceUpdateDate>
      <ItemCode>7290000377452</ItemCode>
      <ItemType>1</ItemType>
      <ItemName>גרעיני אבטיח קלויים</ItemName>
      <ManufacturerName>קליית גת</ManufacturerName>
      <ManufactureCountry>לא ידוע</ManufactureCountry>
      <ManufacturerItemDescription>גרעיני אבטיח קלויים</ManufacturerItemDescription>
      <UnitQty>גרמים</UnitQty>
      <Quantity>200.00</Quantity>
      <UnitOfMeasure>00000000000000000גרם</UnitOfMeasure>
      <bIsWeighted>0</bIsWeighted>
      <QtyInPackage>לא ידוע</QtyInPackage>
      <ItemPrice>9.90</ItemPrice>
      <UnitOfMeasurePrice>0.0495</UnitOfMeasurePrice>
      <AllowDiscount>1</AllowDiscount>
      <ItemStatus>1</ItemStatus>
      <ItemId>814696</ItemId>
    </Item>
    <Item>
      <PriceUpdateDate>2015-12-01 15:56:20</PriceUpdateDate>
      <ItemCode>7290003145959</ItemCode>
      <ItemType>1</ItemType>
      <ItemName>אגוזי פקאן טבעיים קל</ItemName>
      <ManufacturerName>קליית גת</ManufacturerName>
      <ManufactureCountry>לא ידוע</ManufactureCountry>
      <ManufacturerItemDescription>אגוזי פקאן טבעיים קל</ManufacturerItemDescription>
      <UnitQty>גרמים</UnitQty>
      <Quantity>150.00</Quantity>
      <UnitOfMeasure>00000000000000000גרם</UnitOfMeasure>
      <bIsWeighted>0</bIsWeighted>
      <QtyInPackage>לא ידוע</QtyInPackage>
      <ItemPrice>14.90</ItemPrice>
      <UnitOfMeasurePrice>0.0993</UnitOfMeasurePrice>
      <AllowDiscount>1</AllowDiscount>
      <ItemStatus>1</ItemStatus>
      <ItemId>814751</ItemId>
    </Item>
    <Item>
      <PriceUpdateDate>2015-12-01 15:56:20</PriceUpdateDate>
      <ItemCode>7290000318684</ItemCode>
      <ItemType>1</ItemType>
      <ItemName>סלמי פיין 85</ItemName>
      <ManufacturerName>מעדני  יחיעם</ManufacturerName>
      <ManufactureCountry>לא ידוע</ManufactureCountry>
      <ManufacturerItemDescription>סלמי פיין 85</ManufacturerItemDescription>
      <UnitQty>גרמים</UnitQty>
      <Quantity>800.00</Quantity>
      <UnitOfMeasure>00000000000000000גרם</UnitOfMeasure>
      <bIsWeighted>0</bIsWeighted>
      <QtyInPackage>לא ידוע</QtyInPackage>
      <ItemPrice>29.90</ItemPrice>
      <UnitOfMeasurePrice>0.0374</UnitOfMeasurePrice>
      <AllowDiscount>1</AllowDiscount>
      <ItemStatus>1</ItemStatus>
      <ItemId>816107</ItemId>
    </Item>
    <Item>
      <PriceUpdateDate>2015-12-01 15:56:20</PriceUpdateDate>
      <ItemCode>7290001121788</ItemCode>
      <ItemType>1</ItemType>
      <ItemName>נקניקיות עוף טבעיות</ItemName>
      <ManufacturerName>מעדני  יחיעם</ManufacturerName>
      <ManufactureCountry>לא ידוע</ManufactureCountry>
      <ManufacturerItemDescription>נקניקיות עוף טבעיות</ManufacturerItemDescription>
      <UnitQty>גרמים</UnitQty>
      <Quantity>400.00</Quantity>
      <UnitOfMeasure>00000000000000000גרם</UnitOfMeasure>
      <bIsWeighted>0</bIsWeighted>
      <QtyInPackage>לא ידוע</QtyInPackage>
      <ItemPrice>11.90</ItemPrice>
      <UnitOfMeasurePrice>0.0298</UnitOfMeasurePrice>
      <AllowDiscount>1</AllowDiscount>
      <ItemStatus>1</ItemStatus>
      <ItemId>816158</ItemId>
    </Item>
    <Item>
      <PriceUpdateDate>2015-12-01 15:56:20</PriceUpdateDate>
      <ItemCode>8710103468677</ItemCode>
      <ItemType>1</ItemType>
      <ItemName>בקבוק גולד 260 מ''ל</ItemName>
      <ManufacturerName>אוונט</ManufacturerName>
      <ManufactureCountry>אנגליה</ManufactureCountry>
      <ManufacturerItemDescription>בקבוק 260 גולד</ManufacturerItemDescription>
      <UnitQty>00000000000000000000</UnitQty>
      <Quantity>0.00</Quantity>
      <UnitOfMeasure>00000000000000000000</UnitOfMeasure>
      <bIsWeighted>0</bIsWeighted>
      <QtyInPackage>לא ידוע</QtyInPackage>
      <ItemPrice>39.90</ItemPrice>
      <UnitOfMeasurePrice>0.0000</UnitOfMeasurePrice>
      <AllowDiscount>1</AllowDiscount>
      <ItemStatus>1</ItemStatus>
      <ItemId>849809</ItemId>
    </Item>
    <Item>
      <PriceUpdateDate>2015-12-01 15:56:20</PriceUpdateDate>
      <ItemCode>6001067018049</ItemCode>
      <ItemType>1</ItemType>
      <ItemName>מברשת שיניים ילדים ל</ItemName>
      <ManufacturerName>קולגייט</ManufacturerName>
      <ManufactureCountry>לא ידוע</ManufactureCountry>
      <ManufacturerItemDescription>מברשת שיניים ילדים ל</ManufacturerItemDescription>
      <UnitQty>00000000000000000000</UnitQty>
      <Quantity>0.00</Quantity>
      <UnitOfMeasure>00000000000000000000</UnitOfMeasure>
      <bIsWeighted>0</bIsWeighted>
      <QtyInPackage>לא ידוע</QtyInPackage>
      <ItemPrice>7.90</ItemPrice>
      <UnitOfMeasurePrice>0.0000</UnitOfMeasurePrice>
      <AllowDiscount>1</AllowDiscount>
      <ItemStatus>1</ItemStatus>
      <ItemId>965531</ItemId>
    </Item>
    <Item>
      <PriceUpdateDate>2015-12-01 15:56:21</PriceUpdateDate>
      <ItemCode>8710103527800</ItemCode>
      <ItemType>1</ItemType>
      <ItemName>מוצץ טרומן 6-18 ללא</ItemName>
      <ManufacturerName>אוונט</ManufacturerName>
      <ManufactureCountry>אנגליה</ManufactureCountry>
      <ManufacturerItemDescription>מוצץ טרומן 6-18</ManufacturerItemDescription>
      <UnitQty>00000000000000000000</UnitQty>
      <Quantity>0.00</Quantity>
      <UnitOfMeasure>00000000000000000000</UnitOfMeasure>
      <bIsWeighted>0</bIsWeighted>
      <QtyInPackage>לא ידוע</QtyInPackage>
      <ItemPrice>39.90</ItemPrice>
      <UnitOfMeasurePrice>0.0000</UnitOfMeasurePrice>
      <AllowDiscount>1</AllowDiscount>
      <ItemStatus>1</ItemStatus>
      <ItemId>801341</ItemId>
    </Item>
    <Item>
      <PriceUpdateDate>2015-12-01 15:56:21</PriceUpdateDate>
      <ItemCode>8710103473770</ItemCode>
      <ItemType>1</ItemType>
      <ItemName>בקבוק גולד 330 מ"ל א</ItemName>
      <ManufacturerName>אוונט</ManufacturerName>
      <ManufactureCountry>אנגליה</ManufactureCountry>
      <ManufacturerItemDescription>בקבוק 330 גולד</ManufacturerItemDescription>
      <UnitQty>00000000000000000000</UnitQty>
      <Quantity>0.00</Quantity>
      <UnitOfMeasure>00000000000000000000</UnitOfMeasure>
      <bIsWeighted>0</bIsWeighted>
      <QtyInPackage>לא ידוע</QtyInPackage>
      <ItemPrice>39.90</ItemPrice>
      <UnitOfMeasurePrice>0.0000</UnitOfMeasurePrice>
      <AllowDiscount>1</AllowDiscount>
      <ItemStatus>1</ItemStatus>
      <ItemId>849810</ItemId>
    </Item>
    <Item>
      <PriceUpdateDate>2015-12-02 15:33:58</PriceUpdateDate>
      <ItemCode>4014400909937</ItemCode>
      <ItemType>1</ItemType>
      <ItemName>סוכריות טופי וורטרס</ItemName>
      <ManufacturerName>וורטר'ס אורגינל</ManufacturerName>
      <ManufactureCountry>לא ידוע</ManufactureCountry>
      <ManufacturerItemDescription>סוכריות טופי וורטרס</ManufacturerItemDescription>
      <UnitQty>גרמים</UnitQty>
      <Quantity>135.00</Quantity>
      <UnitOfMeasure>00000000000000000גרם</UnitOfMeasure>
      <bIsWeighted>0</bIsWeighted>
      <QtyInPackage>לא ידוע</QtyInPackage>
      <ItemPrice>9.10</ItemPrice>
      <UnitOfMeasurePrice>0.0674</UnitOfMeasurePrice>
      <AllowDiscount>1</AllowDiscount>
      <ItemStatus>1</ItemStatus>
      <ItemId>814650</ItemId>
    </Item>
    <Item>
      <PriceUpdateDate>2015-12-02 15:33:58</PriceUpdateDate>
      <ItemCode>4014400910063</ItemCode>
      <ItemType>1</ItemType>
      <ItemName>סוכריות חמאה וורטרס</ItemName>
      <ManufacturerName>וורטר'ס אורגינל</ManufacturerName>
      <ManufactureCountry>לא ידוע</ManufactureCountry>
      <ManufacturerItemDescription>סוכריות חמאה וורטרס</ManufacturerItemDescription>
      <UnitQty>גרמים</UnitQty>
      <Quantity>135.00</Quantity>
      <UnitOfMeasure>00000000000000000גרם</UnitOfMeasure>
      <bIsWeighted>0</bIsWeighted>
      <QtyInPackage>לא ידוע</QtyInPackage>
      <ItemPrice>9.10</ItemPrice>
      <UnitOfMeasurePrice>0.0674</UnitOfMeasurePrice>
      <AllowDiscount>1</AllowDiscount>
      <ItemStatus>1</ItemStatus>
      <ItemId>814651</ItemId>
    </Item>
    <Item>
      <PriceUpdateDate>2015-12-02 15:33:58</PriceUpdateDate>
      <ItemCode>4014400914696</ItemCode>
      <ItemType>1</ItemType>
      <ItemName>סוכריות וורטר ללא סו</ItemName>
      <ManufacturerName>מנטוס</ManufacturerName>
      <ManufactureCountry>לא ידוע</ManufactureCountry>
      <ManufacturerItemDescription>סוכריות וורטר ללא סו</ManufacturerItemDescription>
      <UnitQty>00000000000000000000</UnitQty>
      <Quantity>0.00</Quantity>
      <UnitOfMeasure>00000000000000000000</UnitOfMeasure>
      <bIsWeighted>0</bIsWeighted>
      <QtyInPackage>לא ידוע</QtyInPackage>
      <ItemPrice>8.10</ItemPrice>
      <UnitOfMeasurePrice>0.0000</UnitOfMeasurePrice>
      <AllowDiscount>1</AllowDiscount>
      <ItemStatus>1</ItemStatus>
      <ItemId>814659</ItemId>
    </Item>
    <Item>
      <PriceUpdateDate>2015-12-02 15:33:58</PriceUpdateDate>
      <ItemCode>4014400914924</ItemCode>
      <ItemType>1</ItemType>
      <ItemName>סוכריות וורטר קפה לל</ItemName>
      <ManufacturerName>מנטוס</ManufacturerName>
      <ManufactureCountry>לא ידוע</ManufactureCountry>
      <ManufacturerItemDescription>סוכריות וורטר קפה לל</ManufacturerItemDescription>
      <UnitQty>00000000000000000000</UnitQty>
      <Quantity>0.00</Quantity>
      <UnitOfMeasure>00000000000000000000</UnitOfMeasure>
      <bIsWeighted>0</bIsWeighted>
      <QtyInPackage>לא ידוע</QtyInPackage>
      <ItemPrice>8.10</ItemPrice>
      <UnitOfMeasurePrice>0.0000</UnitOfMeasurePrice>
      <AllowDiscount>1</AllowDiscount>
      <ItemStatus>1</ItemStatus>
      <ItemId>814660</ItemId>
    </Item>
    <Item>
      <PriceUpdateDate>2015-12-02 15:33:58</PriceUpdateDate>
      <ItemCode>4014400913910</ItemCode>
      <ItemType>1</ItemType>
      <ItemName>סוכריות וורטרס אורגי</ItemName>
      <ManufacturerName>לא ידוע</ManufacturerName>
      <ManufactureCountry>לא ידוע</ManufactureCountry>
      <ManufacturerItemDescription>סוכריות וורטרס אורגי</ManufacturerItemDescription>
      <UnitQty>גרמים</UnitQty>
      <Quantity>125.00</Quantity>
      <UnitOfMeasure>00000000000000000גרם</UnitOfMeasure>
      <bIsWeighted>0</bIsWeighted>
      <QtyInPackage>לא ידוע</QtyInPackage>
      <ItemPrice>8.90</ItemPrice>
      <UnitOfMeasurePrice>0.0712</UnitOfMeasurePrice>
      <AllowDiscount>1</AllowDiscount>
      <ItemStatus>1</ItemStatus>
      <ItemId>996886</ItemId>
    </Item>
    <Item>
      <PriceUpdateDate>2015-12-02 15:33:58</PriceUpdateDate>
      <ItemCode>4014400920857</ItemCode>
      <ItemType>1</ItemType>
      <ItemName>סוכריות וורטר ללא סו</ItemName>
      <ManufacturerName>מנטוס</ManufacturerName>
      <ManufactureCountry>לא ידוע</ManufactureCountry>
      <ManufacturerItemDescription>סוכריות וורטר ללא סו</ManufacturerItemDescription>
      <UnitQty>00000000000000000000</UnitQty>
      <Quantity>0.00</Quantity>
      <UnitOfMeasure>00000000000000000000</UnitOfMeasure>
      <bIsWeighted>0</bIsWeighted>
      <QtyInPackage>לא ידוע</QtyInPackage>
      <ItemPrice>8.10</ItemPrice>
      <UnitOfMeasurePrice>0.0000</UnitOfMeasurePrice>
      <AllowDiscount>1</AllowDiscount>
      <ItemStatus>1</ItemStatus>
      <ItemId>1069470</ItemId>
    </Item>
    <Item>
      <PriceUpdateDate>2015-12-02 15:33:59</PriceUpdateDate>
      <ItemCode>6281001510390</ItemCode>
      <ItemType>1</ItemType>
      <ItemName>מברשת שיניים ילדים ל</ItemName>
      <ManufacturerName>קולגייט</ManufacturerName>
      <ManufactureCountry>לא ידוע</ManufactureCountry>
      <ManufacturerItemDescription>מברשת שיניים ילדים ל</ManufacturerItemDescription>
      <UnitQty>00000000000000000000</UnitQty>
      <Quantity>0.00</Quantity>
      <UnitOfMeasure>00000000000000000000</UnitOfMeasure>
      <bIsWeighted>0</bIsWeighted>
      <QtyInPackage>לא ידוע</QtyInPackage>
      <ItemPrice>14.20</ItemPrice>
      <UnitOfMeasurePrice>0.0000</UnitOfMeasurePrice>
      <AllowDiscount>1</AllowDiscount>
      <ItemStatus>1</ItemStatus>
      <ItemId>804669</ItemId>
    </Item>
    <Item>
      <PriceUpdateDate>2015-12-02 15:33:59</PriceUpdateDate>
      <ItemCode>6001067017523</ItemCode>
      <ItemType>1</ItemType>
      <ItemName>קולגייט מברשת ספידרמ</ItemName>
      <ManufacturerName>קולגייט</ManufacturerName>
      <ManufactureCountry>לא ידוע</ManufactureCountry>
      <ManufacturerItemDescription>קולגייט מברשת ספידרמ</ManufacturerItemDescription>
      <UnitQty>00000000000000000000</UnitQty>
      <Quantity>0.00</Quantity>
      <UnitOfMeasure>00000000000000000000</UnitOfMeasure>
      <bIsWeighted>0</bIsWeighted>
      <QtyInPackage>לא ידוע</QtyInPackage>
      <ItemPrice>15.10</ItemPrice>
      <UnitOfMeasurePrice>0.0000</UnitOfMeasurePrice>
      <AllowDiscount>1</AllowDiscount>
      <ItemStatus>1</ItemStatus>
      <ItemId>870006</ItemId>
    </Item>
    <Item>
      <PriceUpdateDate>2015-12-02 15:33:59</PriceUpdateDate>
      <ItemCode>6001067017530</ItemCode>
      <ItemType>1</ItemType>
      <ItemName>מברשת קולגייט ילדים</ItemName>
      <ManufacturerName>קולגייט</ManufacturerName>
      <ManufactureCountry>לא ידוע</ManufactureCountry>
      <ManufacturerItemDescription>מברשת קולגייט ילדים</ManufacturerItemDescription>
      <UnitQty>00000000000000000000</UnitQty>
      <Quantity>0.00</Quantity>
      <UnitOfMeasure>00000000000000000000</UnitOfMeasure>
      <bIsWeighted>0</bIsWeighted>
      <QtyInPackage>לא ידוע</QtyInPackage>
      <ItemPrice>14.90</ItemPrice>
      <UnitOfMeasurePrice>0.0000</UnitOfMeasurePrice>
      <AllowDiscount>1</AllowDiscount>
      <ItemStatus>1</ItemStatus>
      <ItemId>875337</ItemId>
    </Item>
    <Item>
      <PriceUpdateDate>2015-12-02 15:34:00</PriceUpdateDate>
      <ItemCode>7290012823374</ItemCode>
      <ItemType>1</ItemType>
      <ItemName>אנטי קאלק מטליות לחו</ItemName>
      <ManufacturerName>סנו</ManufacturerName>
      <ManufactureCountry>לא ידוע</ManufactureCountry>
      <ManufacturerItemDescription>אנטי קאלק מטליות לחו</ManufacturerItemDescription>
      <UnitQty>00000000000000000יחי</UnitQty>
      <Quantity>50.00</Quantity>
      <UnitOfMeasure>00000000000000000יחי</UnitOfMeasure>
      <bIsWeighted>0</bIsWeighted>
      <QtyInPackage>לא ידוע</QtyInPackage>
      <ItemPrice>9.90</ItemPrice>
      <UnitOfMeasurePrice>0.1980</UnitOfMeasurePrice>
      <AllowDiscount>1</AllowDiscount>
      <ItemStatus>1</ItemStatus>
      <ItemId>810162</ItemId>
    </Item>
    <Item>
      <PriceUpdateDate>2015-12-02 17:48:09</PriceUpdateDate>
      <ItemCode>7290005430558</ItemCode>
      <ItemType>1</ItemType>
      <ItemName>ממחטות אף גילי 5*100</ItemName>
      <ManufacturerName>גילי</ManufacturerName>
      <ManufactureCountry>לא ידוע</ManufactureCountry>
      <ManufacturerItemDescription>ממחטות אף גילי 5*100</ManufacturerItemDescription>
      <UnitQty>גרמים</UnitQty>
      <Quantity>700.00</Quantity>
      <UnitOfMeasure>00000000000000000גרם</UnitOfMeasure>
      <bIsWeighted>0</bIsWeighted>
      <QtyInPackage>לא ידוע</QtyInPackage>
      <ItemPrice>9.90</ItemPrice>
      <UnitOfMeasurePrice>0.0141</UnitOfMeasurePrice>
      <AllowDiscount>1</AllowDiscount>
      <ItemStatus>1</ItemStatus>
      <ItemId>809919</ItemId>
    </Item>
    <Item>
      <PriceUpdateDate>2015-12-02 18:00:18</PriceUpdateDate>
      <ItemCode>7290107280747</ItemCode>
      <ItemType>1</ItemType>
      <ItemName>סנו ספארק נוזל לכלים</ItemName>
      <ManufacturerName>סנו ספארק</ManufacturerName>
      <ManufactureCountry>לא ידוע</ManufactureCountry>
      <ManufacturerItemDescription>סנו ספארק נוזל לכלים</ManufacturerItemDescription>
      <UnitQty>מטרים</UnitQty>
      <Quantity>700.00</Quantity>
      <UnitOfMeasure>00000000000000000מ'ל</UnitOfMeasure>
      <bIsWeighted>0</bIsWeighted>
      <QtyInPackage>לא ידוע</QtyInPackage>
      <ItemPrice>6.90</ItemPrice>
      <UnitOfMeasurePrice>0.0099</UnitOfMeasurePrice>
      <AllowDiscount>1</AllowDiscount>
      <ItemStatus>1</ItemStatus>
      <ItemId>1041304</ItemId>
    </Item>
    <Item>
      <PriceUpdateDate>2015-12-10 15:50:35</PriceUpdateDate>
      <ItemCode>2385431</ItemCode>
      <ItemType>3</ItemType>
      <ItemName>בולגרית קשה 16%</ItemName>
      <ManufacturerName>מחלבות גד</ManufacturerName>
      <ManufactureCountry>לא ידוע</ManufactureCountry>
      <ManufacturerItemDescription>בולגרית קשה 16%</ManufacturerItemDescription>
      <UnitQty>קילוגרמים</UnitQty>
      <Quantity>1.00</Quantity>
      <UnitOfMeasure>ק"ג</UnitOfMeasure>
      <bIsWeighted>1</bIsWeighted>
      <QtyInPackage>לא ידוע</QtyInPackage>
      <ItemPrice>43.90</ItemPrice>
      <UnitOfMeasurePrice>43.9000</UnitOfMeasurePrice>
      <AllowDiscount>1</AllowDiscount>
      <ItemStatus>1</ItemStatus>
      <ItemId>807840</ItemId>
    </Item>
    <Item>
      <PriceUpdateDate>2015-12-13 11:36:32</PriceUpdateDate>
      <ItemCode>7290005424793</ItemCode>
      <ItemType>1</ItemType>
      <ItemName>שמפו אל דמע לתינוק ב</ItemName>
      <ManufacturerName>כיף</ManufacturerName>
      <ManufactureCountry>לא ידוע</ManufactureCountry>
      <ManufacturerItemDescription>שמפו אל דמע לתינוק ב</ManufacturerItemDescription>
      <UnitQty>מטרים</UnitQty>
      <Quantity>750.00</Quantity>
      <UnitOfMeasure>00000000000000000מ'ל</UnitOfMeasure>
      <bIsWeighted>0</bIsWeighted>
      <QtyInPackage>לא ידוע</QtyInPackage>
      <ItemPrice>17.90</ItemPrice>
      <UnitOfMeasurePrice>0.0239</UnitOfMeasurePrice>
      <AllowDiscount>1</AllowDiscount>
      <ItemStatus>1</ItemStatus>
      <ItemId>809796</ItemId>
    </Item>
    <Item>
      <PriceUpdateDate>2015-12-13 11:36:32</PriceUpdateDate>
      <ItemCode>7290005425998</ItemCode>
      <ItemType>1</ItemType>
      <ItemName>אל סבון לעור עדין עם</ItemName>
      <ManufacturerName>כיף</ManufacturerName>
      <ManufactureCountry>לא ידוע</ManufactureCountry>
      <ManufacturerItemDescription>אל סבון לעור עדין עם</ManufacturerItemDescription>
      <UnitQty>ליטרים</UnitQty>
      <Quantity>1.00</Quantity>
      <UnitOfMeasure>0000000000000000ליטר</UnitOfMeasure>
      <bIsWeighted>0</bIsWeighted>
      <QtyInPackage>לא ידוע</QtyInPackage>
      <ItemPrice>17.90</ItemPrice>
      <UnitOfMeasurePrice>17.9000</UnitOfMeasurePrice>
      <AllowDiscount>1</AllowDiscount>
      <ItemStatus>1</ItemStatus>
      <ItemId>809829</ItemId>
    </Item>
    <Item>
      <PriceUpdateDate>2015-12-14 06:52:44</PriceUpdateDate>
      <ItemCode>554891</ItemCode>
      <ItemType>3</ItemType>
      <ItemName>בולגרית מעודנת 16%</ItemName>
      <ManufacturerName>מחלבות גד</ManufacturerName>
      <ManufactureCountry>לא ידוע</ManufactureCountry>
      <ManufacturerItemDescription>בולגרית מעודנת 16%</ManufacturerItemDescription>
      <UnitQty>קילוגרמים</UnitQty>
      <Quantity>1.00</Quantity>
      <UnitOfMeasure>ק"ג</UnitOfMeasure>
      <bIsWeighted>1</bIsWeighted>
      <QtyInPackage>לא ידוע</QtyInPackage>
      <ItemPrice>43.90</ItemPrice>
      <UnitOfMeasurePrice>43.9000</UnitOfMeasurePrice>
      <AllowDiscount>1</AllowDiscount>
      <ItemStatus>1</ItemStatus>
      <ItemId>807811</ItemId>
    </Item>
    <Item>
      <PriceUpdateDate>2015-12-14 06:52:45</PriceUpdateDate>
      <ItemCode>2385424</ItemCode>
      <ItemType>3</ItemType>
      <ItemName>בולגרית  גד 5% מהדרי</ItemName>
      <ManufacturerName>לא ידוע</ManufacturerName>
      <ManufactureCountry>לא ידוע</ManufactureCountry>
      <ManufacturerItemDescription>בולגרית  גד 5% מהדרי</ManufacturerItemDescription>
      <UnitQty>קילוגרמים</UnitQty>
      <Quantity>1.00</Quantity>
      <UnitOfMeasure>ק"ג</UnitOfMeasure>
      <bIsWeighted>1</bIsWeighted>
      <QtyInPackage>לא ידוע</QtyInPackage>
      <ItemPrice>43.90</ItemPrice>
      <UnitOfMeasurePrice>43.9000</UnitOfMeasurePrice>
      <AllowDiscount>1</AllowDiscount>
      <ItemStatus>1</ItemStatus>
      <ItemId>807839</ItemId>
    </Item>
    <Item>
      <PriceUpdateDate>2015-12-14 06:52:45</PriceUpdateDate>
      <ItemCode>2385448</ItemCode>
      <ItemType>3</ItemType>
      <ItemName>בולגרית  גד 5% מהדרי</ItemName>
      <ManufacturerName>לא ידוע</ManufacturerName>
      <ManufactureCountry>לא ידוע</ManufactureCountry>
      <ManufacturerItemDescription>בולגרית  גד 5% מהדרי</ManufacturerItemDescription>
      <UnitQty>קילוגרמים</UnitQty>
      <Quantity>1.00</Quantity>
      <UnitOfMeasure>ק"ג</UnitOfMeasure>
      <bIsWeighted>1</bIsWeighted>
      <QtyInPackage>לא ידוע</QtyInPackage>
      <ItemPrice>43.90</ItemPrice>
      <UnitOfMeasurePrice>43.9000</UnitOfMeasurePrice>
      <AllowDiscount>1</AllowDiscount>
      <ItemStatus>1</ItemStatus>
      <ItemId>807841</ItemId>
    </Item>
    <Item>
      <PriceUpdateDate>2015-12-15 06:47:37</PriceUpdateDate>
      <ItemCode>7290011148911</ItemCode>
      <ItemType>1</ItemType>
      <ItemName>פלפל טינקרבל</ItemName>
      <ManufacturerName>ביכורי השקמה</ManufacturerName>
      <ManufactureCountry>לא ידוע</ManufactureCountry>
      <ManufacturerItemDescription>פלפל טינקרבל</ManufacturerItemDescription>
      <UnitQty>00000000000000000000</UnitQty>
      <Quantity>0.00</Quantity>
      <UnitOfMeasure>00000000000000000000</UnitOfMeasure>
      <bIsWeighted>0</bIsWeighted>
      <QtyInPackage>לא ידוע</QtyInPackage>
      <ItemPrice>4.90</ItemPrice>
      <UnitOfMeasurePrice>0.0000</UnitOfMeasurePrice>
      <AllowDiscount>1</AllowDiscount>
      <ItemStatus>1</ItemStatus>
      <ItemId>817512</ItemId>
    </Item>
    <Item>
      <PriceUpdateDate>2015-12-15 15:54:00</PriceUpdateDate>
      <ItemCode>554976</ItemCode>
      <ItemType>3</ItemType>
      <ItemName>גבינת שמנת 30% זיתים</ItemName>
      <ManufacturerName>מחלבות גד</ManufacturerName>
      <ManufactureCountry>לא ידוע</ManufactureCountry>
      <ManufacturerItemDescription>גבינת שמנת 30% זיתים</ManufacturerItemDescription>
      <UnitQty>קילוגרמים</UnitQty>
      <Quantity>1.00</Quantity>
      <UnitOfMeasure>ק"ג</UnitOfMeasure>
      <bIsWeighted>1</bIsWeighted>
      <QtyInPackage>לא ידוע</QtyInPackage>
      <ItemPrice>39.90</ItemPrice>
      <UnitOfMeasurePrice>39.9000</UnitOfMeasurePrice>
      <AllowDiscount>1</AllowDiscount>
      <ItemStatus>1</ItemStatus>
      <ItemId>807817</ItemId>
    </Item>
    <Item>
      <PriceUpdateDate>2015-12-15 15:54:00</PriceUpdateDate>
      <ItemCode>5992902</ItemCode>
      <ItemType>3</ItemType>
      <ItemName>גבינת שמנת 30% ירקות</ItemName>
      <ManufacturerName>מחלבות גד</ManufacturerName>
      <ManufactureCountry>לא ידוע</ManufactureCountry>
      <ManufacturerItemDescription>גבינת שמנת 30% ירקות</ManufacturerItemDescription>
      <UnitQty>קילוגרמים</UnitQty>
      <Quantity>1.00</Quantity>
      <UnitOfMeasure>ק"ג</UnitOfMeasure>
      <bIsWeighted>1</bIsWeighted>
      <QtyInPackage>לא ידוע</QtyInPackage>
      <ItemPrice>39.90</ItemPrice>
      <UnitOfMeasurePrice>39.9000</UnitOfMeasurePrice>
      <AllowDiscount>1</AllowDiscount>
      <ItemStatus>1</ItemStatus>
      <ItemId>807872</ItemId>
    </Item>
    <Item>
      <PriceUpdateDate>2015-12-20 16:10:50</PriceUpdateDate>
      <ItemCode>3189045</ItemCode>
      <ItemType>3</ItemType>
      <ItemName>הצהובה הטובה הולנדית</ItemName>
      <ManufacturerName>לא ידוע</ManufacturerName>
      <ManufactureCountry>לא ידוע</ManufactureCountry>
      <ManufacturerItemDescription>הצהובה הטובה הולנדית</ManufacturerItemDescription>
      <UnitQty>קילוגרמים</UnitQty>
      <Quantity>1.00</Quantity>
      <UnitOfMeasure>ק"ג</UnitOfMeasure>
      <bIsWeighted>1</bIsWeighted>
      <QtyInPackage>לא ידוע</QtyInPackage>
      <ItemPrice>29.90</ItemPrice>
      <UnitOfMeasurePrice>29.9000</UnitOfMeasurePrice>
      <AllowDiscount>1</AllowDiscount>
      <ItemStatus>1</ItemStatus>
      <ItemId>802226</ItemId>
    </Item>
    <Item>
      <PriceUpdateDate>2015-12-20 16:10:50</PriceUpdateDate>
      <ItemCode>3189199</ItemCode>
      <ItemType>3</ItemType>
      <ItemName>הצהובה הטובה חריפה מ</ItemName>
      <ManufacturerName>TBD</ManufacturerName>
      <ManufactureCountry>לא ידוע</ManufactureCountry>
      <ManufacturerItemDescription>הצהובה הטובה חריפה מ</ManufacturerItemDescription>
      <UnitQty>קילוגרמים</UnitQty>
      <Quantity>1.00</Quantity>
      <UnitOfMeasure>ק"ג</UnitOfMeasure>
      <bIsWeighted>1</bIsWeighted>
      <QtyInPackage>לא ידוע</QtyInPackage>
      <ItemPrice>29.90</ItemPrice>
      <UnitOfMeasurePrice>29.9000</UnitOfMeasurePrice>
      <AllowDiscount>1</AllowDiscount>
      <ItemStatus>1</ItemStatus>
      <ItemId>802228</ItemId>
    </Item>
    <Item>
      <PriceUpdateDate>2015-12-20 16:10:50</PriceUpdateDate>
      <ItemCode>3189380</ItemCode>
      <ItemType>3</ItemType>
      <ItemName>הצהובה הטובה שמיר מע</ItemName>
      <ManufacturerName>TBD</ManufacturerName>
      <ManufactureCountry>לא ידוע</ManufactureCountry>
      <ManufacturerItemDescription>הצהובה הטובה שמיר מע</ManufacturerItemDescription>
      <UnitQty>קילוגרמים</UnitQty>
      <Quantity>1.00</Quantity>
      <UnitOfMeasure>ק"ג</UnitOfMeasure>
      <bIsWeighted>1</bIsWeighted>
      <QtyInPackage>לא ידוע</QtyInPackage>
      <ItemPrice>29.90</ItemPrice>
      <UnitOfMeasurePrice>29.9000</UnitOfMeasurePrice>
      <AllowDiscount>1</AllowDiscount>
      <ItemStatus>1</ItemStatus>
      <ItemId>802234</ItemId>
    </Item>
  </Items>
</Root>